%YAML 1.1
%TAG !u! tag:unity3d.com,2011:
--- !u!29 &1
OcclusionCullingSettings:
  m_ObjectHideFlags: 0
  serializedVersion: 2
  m_OcclusionBakeSettings:
    smallestOccluder: 5
    smallestHole: 0.25
    backfaceThreshold: 100
  m_SceneGUID: 00000000000000000000000000000000
  m_OcclusionCullingData: {fileID: 0}
--- !u!104 &2
RenderSettings:
  m_ObjectHideFlags: 0
  serializedVersion: 7
  m_Fog: 0
  m_FogColor: {r: 0.5, g: 0.5, b: 0.5, a: 1}
  m_FogMode: 3
  m_FogDensity: 0.01
  m_LinearFogStart: 0
  m_LinearFogEnd: 300
  m_AmbientSkyColor: {r: 0.2, g: 0.2, b: 0.2, a: 1}
  m_AmbientEquatorColor: {r: 0.2, g: 0.2, b: 0.2, a: 1}
  m_AmbientGroundColor: {r: 0.2, g: 0.2, b: 0.2, a: 1}
  m_AmbientIntensity: 1
  m_AmbientMode: 3
  m_SkyboxMaterial: {fileID: 0}
  m_HaloStrength: 0.5
  m_FlareStrength: 1
  m_FlareFadeSpeed: 3
  m_HaloTexture: {fileID: 0}
  m_SpotCookie: {fileID: 10001, guid: 0000000000000000e000000000000000, type: 0}
  m_DefaultReflectionMode: 0
  m_DefaultReflectionResolution: 128
  m_ReflectionBounces: 1
  m_ReflectionIntensity: 1
  m_CustomReflection: {fileID: 0}
  m_Sun: {fileID: 0}
  m_IndirectSpecularColor: {r: 0, g: 0, b: 0, a: 1}
--- !u!157 &4
LightmapSettings:
  m_ObjectHideFlags: 0
  serializedVersion: 7
  m_GIWorkflowMode: 1
  m_GISettings:
    serializedVersion: 2
    m_BounceScale: 1
    m_IndirectOutputScale: 1
    m_AlbedoBoost: 1
    m_TemporalCoherenceThreshold: 1
    m_EnvironmentLightingMode: 0
    m_EnableBakedLightmaps: 1
    m_EnableRealtimeLightmaps: 0
  m_LightmapEditorSettings:
    serializedVersion: 4
    m_Resolution: 1
    m_BakeResolution: 50
    m_TextureWidth: 1024
    m_TextureHeight: 1024
    m_AO: 1
    m_AOMaxDistance: 1
    m_CompAOExponent: 1
    m_CompAOExponentDirect: 0
    m_Padding: 2
    m_LightmapParameters: {fileID: 0}
    m_LightmapsBakeMode: 1
    m_TextureCompression: 0
    m_DirectLightInLightProbes: 1
    m_FinalGather: 0
    m_FinalGatherFiltering: 1
    m_FinalGatherRayCount: 256
    m_ReflectionCompression: 2
  m_LightingDataAsset: {fileID: 0}
  m_RuntimeCPUUsage: 25
--- !u!196 &5
NavMeshSettings:
  serializedVersion: 2
  m_ObjectHideFlags: 0
  m_BuildSettings:
    serializedVersion: 2
    agentTypeID: 0
    agentRadius: 0.5
    agentHeight: 2
    agentSlope: 45
    agentClimb: 0.4
    ledgeDropHeight: 0
    maxJumpAcrossDistance: 0
    minRegionArea: 2
    manualCellSize: 0
    cellSize: 0.16666666
    accuratePlacement: 0
  m_NavMeshData: {fileID: 0}
--- !u!1 &56669058
GameObject:
  m_ObjectHideFlags: 0
  m_PrefabParentObject: {fileID: 177888, guid: 12cf1107c922a4c419a8d26b692888b6, type: 2}
  m_PrefabInternal: {fileID: 174085685}
  serializedVersion: 5
  m_Component:
  - component: {fileID: 56669059}
  - component: {fileID: 56669063}
  - component: {fileID: 56669062}
  - component: {fileID: 56669061}
  - component: {fileID: 56669060}
  m_Layer: 5
  m_Name: UnitSelector
  m_TagString: Untagged
  m_Icon: {fileID: 0}
  m_NavMeshLayer: 0
  m_StaticEditorFlags: 0
  m_IsActive: 1
--- !u!224 &56669059
RectTransform:
  m_ObjectHideFlags: 0
  m_PrefabParentObject: {fileID: 22477890, guid: 12cf1107c922a4c419a8d26b692888b6,
    type: 2}
  m_PrefabInternal: {fileID: 174085685}
  m_GameObject: {fileID: 56669058}
  m_LocalRotation: {x: 0, y: 0, z: 0, w: 1}
  m_LocalPosition: {x: 0, y: 0, z: 0}
  m_LocalScale: {x: 1, y: 1, z: 1}
  m_Children: []
  m_Father: {fileID: 1869526905}
  m_RootOrder: 3
  m_LocalEulerAnglesHint: {x: 0, y: 0, z: 0}
  m_AnchorMin: {x: 0, y: 0.5}
  m_AnchorMax: {x: 0, y: 0.5}
  m_AnchoredPosition: {x: 320, y: 0}
  m_SizeDelta: {x: 100, y: 100}
  m_Pivot: {x: 0.0000000661239, y: 0.5}
--- !u!61 &56669060
BoxCollider2D:
  m_ObjectHideFlags: 0
  m_PrefabParentObject: {fileID: 6177888, guid: 12cf1107c922a4c419a8d26b692888b6,
    type: 2}
  m_PrefabInternal: {fileID: 174085685}
  m_GameObject: {fileID: 56669058}
  m_Enabled: 1
  m_Density: 1
  m_Material: {fileID: 0}
  m_IsTrigger: 0
  m_UsedByEffector: 0
  m_Offset: {x: 50, y: 0}
  serializedVersion: 2
  m_Size: {x: 100, y: 100}
--- !u!114 &56669061
MonoBehaviour:
  m_ObjectHideFlags: 0
  m_PrefabParentObject: {fileID: 11477882, guid: 12cf1107c922a4c419a8d26b692888b6,
    type: 2}
  m_PrefabInternal: {fileID: 174085685}
  m_GameObject: {fileID: 56669058}
  m_Enabled: 1
  m_EditorHideFlags: 0
  m_Script: {fileID: 11500000, guid: ebbc048cf8a28a148821686ec4070ff7, type: 3}
  m_Name: 
  m_EditorClassIdentifier: 
  deselectedColor: {r: 0, g: 0, b: 0, a: 0.627451}
  insufficientFundsColor: {r: 1, g: 0, b: 0, a: 1}
--- !u!114 &56669062
MonoBehaviour:
  m_ObjectHideFlags: 0
  m_PrefabParentObject: {fileID: 11477872, guid: 12cf1107c922a4c419a8d26b692888b6,
    type: 2}
  m_PrefabInternal: {fileID: 174085685}
  m_GameObject: {fileID: 56669058}
  m_Enabled: 1
  m_EditorHideFlags: 0
  m_Script: {fileID: -765806418, guid: f5f67c52d1564df4a8936ccd202a3bd8, type: 3}
  m_Name: 
  m_EditorClassIdentifier: 
  m_Material: {fileID: 0}
  m_Color: {r: 1, g: 1, b: 1, a: 1}
  m_RaycastTarget: 1
  m_OnCullStateChanged:
    m_PersistentCalls:
      m_Calls: []
    m_TypeName: UnityEngine.UI.MaskableGraphic+CullStateChangedEvent, UnityEngine.UI,
      Version=1.0.0.0, Culture=neutral, PublicKeyToken=null
  m_Sprite: {fileID: 21300000, guid: 98f866b649e0ce34aba15c983afed0ab, type: 3}
  m_Type: 1
  m_PreserveAspect: 0
  m_FillCenter: 1
  m_FillMethod: 4
  m_FillAmount: 1
  m_FillClockwise: 1
  m_FillOrigin: 0
--- !u!222 &56669063
CanvasRenderer:
  m_ObjectHideFlags: 0
  m_PrefabParentObject: {fileID: 22277890, guid: 12cf1107c922a4c419a8d26b692888b6,
    type: 2}
  m_PrefabInternal: {fileID: 174085685}
  m_GameObject: {fileID: 56669058}
--- !u!1 &169486418
GameObject:
  m_ObjectHideFlags: 0
  m_PrefabParentObject: {fileID: 177882, guid: 12cf1107c922a4c419a8d26b692888b6, type: 2}
  m_PrefabInternal: {fileID: 174085685}
  serializedVersion: 5
  m_Component:
  - component: {fileID: 169486419}
  - component: {fileID: 169486423}
  - component: {fileID: 169486422}
  - component: {fileID: 169486421}
  - component: {fileID: 169486420}
  m_Layer: 5
  m_Name: UnitSelector
  m_TagString: Untagged
  m_Icon: {fileID: 0}
  m_NavMeshLayer: 0
  m_StaticEditorFlags: 0
  m_IsActive: 1
--- !u!224 &169486419
RectTransform:
  m_ObjectHideFlags: 0
  m_PrefabParentObject: {fileID: 22477884, guid: 12cf1107c922a4c419a8d26b692888b6,
    type: 2}
  m_PrefabInternal: {fileID: 174085685}
  m_GameObject: {fileID: 169486418}
  m_LocalRotation: {x: 0, y: 0, z: 0, w: 1}
  m_LocalPosition: {x: 0, y: 0, z: 0}
  m_LocalScale: {x: 1, y: 1, z: 1}
  m_Children: []
  m_Father: {fileID: 1869526905}
  m_RootOrder: 1
  m_LocalEulerAnglesHint: {x: 0, y: 0, z: 0}
  m_AnchorMin: {x: 0, y: 0.5}
  m_AnchorMax: {x: 0, y: 0.5}
  m_AnchoredPosition: {x: 110, y: 0}
  m_SizeDelta: {x: 100, y: 100}
  m_Pivot: {x: -0.000000173226, y: 0.5}
--- !u!61 &169486420
BoxCollider2D:
  m_ObjectHideFlags: 0
  m_PrefabParentObject: {fileID: 6177890, guid: 12cf1107c922a4c419a8d26b692888b6,
    type: 2}
  m_PrefabInternal: {fileID: 174085685}
  m_GameObject: {fileID: 169486418}
  m_Enabled: 1
  m_Density: 1
  m_Material: {fileID: 0}
  m_IsTrigger: 0
  m_UsedByEffector: 0
  m_Offset: {x: 50, y: 0}
  serializedVersion: 2
  m_Size: {x: 100, y: 100}
--- !u!114 &169486421
MonoBehaviour:
  m_ObjectHideFlags: 0
  m_PrefabParentObject: {fileID: 11477884, guid: 12cf1107c922a4c419a8d26b692888b6,
    type: 2}
  m_PrefabInternal: {fileID: 174085685}
  m_GameObject: {fileID: 169486418}
  m_Enabled: 1
  m_EditorHideFlags: 0
  m_Script: {fileID: 11500000, guid: ebbc048cf8a28a148821686ec4070ff7, type: 3}
  m_Name: 
  m_EditorClassIdentifier: 
  deselectedColor: {r: 0, g: 0, b: 0, a: 0.627451}
  insufficientFundsColor: {r: 1, g: 0, b: 0, a: 1}
--- !u!114 &169486422
MonoBehaviour:
  m_ObjectHideFlags: 0
  m_PrefabParentObject: {fileID: 11477866, guid: 12cf1107c922a4c419a8d26b692888b6,
    type: 2}
  m_PrefabInternal: {fileID: 174085685}
  m_GameObject: {fileID: 169486418}
  m_Enabled: 1
  m_EditorHideFlags: 0
  m_Script: {fileID: -765806418, guid: f5f67c52d1564df4a8936ccd202a3bd8, type: 3}
  m_Name: 
  m_EditorClassIdentifier: 
  m_Material: {fileID: 0}
  m_Color: {r: 1, g: 1, b: 1, a: 1}
  m_RaycastTarget: 1
  m_OnCullStateChanged:
    m_PersistentCalls:
      m_Calls: []
    m_TypeName: UnityEngine.UI.MaskableGraphic+CullStateChangedEvent, UnityEngine.UI,
      Version=1.0.0.0, Culture=neutral, PublicKeyToken=null
  m_Sprite: {fileID: 21300000, guid: 98f866b649e0ce34aba15c983afed0ab, type: 3}
  m_Type: 1
  m_PreserveAspect: 0
  m_FillCenter: 1
  m_FillMethod: 4
  m_FillAmount: 1
  m_FillClockwise: 1
  m_FillOrigin: 0
--- !u!222 &169486423
CanvasRenderer:
  m_ObjectHideFlags: 0
  m_PrefabParentObject: {fileID: 22277884, guid: 12cf1107c922a4c419a8d26b692888b6,
    type: 2}
  m_PrefabInternal: {fileID: 174085685}
  m_GameObject: {fileID: 169486418}
--- !u!1001 &174085685
Prefab:
  m_ObjectHideFlags: 0
  serializedVersion: 2
  m_Modification:
    m_TransformParent: {fileID: 0}
    m_Modifications:
    - target: {fileID: 22482394, guid: 12cf1107c922a4c419a8d26b692888b6, type: 2}
      propertyPath: m_LocalPosition.x
      value: 0
      objectReference: {fileID: 0}
    - target: {fileID: 22482394, guid: 12cf1107c922a4c419a8d26b692888b6, type: 2}
      propertyPath: m_LocalPosition.y
      value: 0
      objectReference: {fileID: 0}
    - target: {fileID: 22482394, guid: 12cf1107c922a4c419a8d26b692888b6, type: 2}
      propertyPath: m_LocalPosition.z
      value: 1
      objectReference: {fileID: 0}
    - target: {fileID: 22482394, guid: 12cf1107c922a4c419a8d26b692888b6, type: 2}
      propertyPath: m_LocalRotation.x
      value: 0
      objectReference: {fileID: 0}
    - target: {fileID: 22482394, guid: 12cf1107c922a4c419a8d26b692888b6, type: 2}
      propertyPath: m_LocalRotation.y
      value: 0
      objectReference: {fileID: 0}
    - target: {fileID: 22482394, guid: 12cf1107c922a4c419a8d26b692888b6, type: 2}
      propertyPath: m_LocalRotation.z
      value: 0
      objectReference: {fileID: 0}
    - target: {fileID: 22482394, guid: 12cf1107c922a4c419a8d26b692888b6, type: 2}
      propertyPath: m_LocalRotation.w
      value: 1
      objectReference: {fileID: 0}
    - target: {fileID: 22482394, guid: 12cf1107c922a4c419a8d26b692888b6, type: 2}
      propertyPath: m_RootOrder
      value: 3
      objectReference: {fileID: 0}
    - target: {fileID: 22482394, guid: 12cf1107c922a4c419a8d26b692888b6, type: 2}
      propertyPath: m_AnchoredPosition.x
      value: 5
      objectReference: {fileID: 0}
    - target: {fileID: 22482394, guid: 12cf1107c922a4c419a8d26b692888b6, type: 2}
      propertyPath: m_AnchoredPosition.y
      value: 3
      objectReference: {fileID: 0}
    - target: {fileID: 22482394, guid: 12cf1107c922a4c419a8d26b692888b6, type: 2}
      propertyPath: m_SizeDelta.x
      value: 1600
      objectReference: {fileID: 0}
    - target: {fileID: 22482394, guid: 12cf1107c922a4c419a8d26b692888b6, type: 2}
      propertyPath: m_SizeDelta.y
      value: 900
      objectReference: {fileID: 0}
    - target: {fileID: 22482394, guid: 12cf1107c922a4c419a8d26b692888b6, type: 2}
      propertyPath: m_AnchorMin.x
      value: 0
      objectReference: {fileID: 0}
    - target: {fileID: 22482394, guid: 12cf1107c922a4c419a8d26b692888b6, type: 2}
      propertyPath: m_AnchorMin.y
      value: 0
      objectReference: {fileID: 0}
    - target: {fileID: 22482394, guid: 12cf1107c922a4c419a8d26b692888b6, type: 2}
      propertyPath: m_AnchorMax.x
      value: 0
      objectReference: {fileID: 0}
    - target: {fileID: 22482394, guid: 12cf1107c922a4c419a8d26b692888b6, type: 2}
      propertyPath: m_AnchorMax.y
      value: 0
      objectReference: {fileID: 0}
    - target: {fileID: 22482394, guid: 12cf1107c922a4c419a8d26b692888b6, type: 2}
      propertyPath: m_Pivot.x
      value: .5
      objectReference: {fileID: 0}
    - target: {fileID: 22482394, guid: 12cf1107c922a4c419a8d26b692888b6, type: 2}
      propertyPath: m_Pivot.y
      value: .5
      objectReference: {fileID: 0}
    - target: {fileID: 22455828, guid: 12cf1107c922a4c419a8d26b692888b6, type: 2}
      propertyPath: m_AnchorMax.x
      value: 0
      objectReference: {fileID: 0}
    - target: {fileID: 22455828, guid: 12cf1107c922a4c419a8d26b692888b6, type: 2}
      propertyPath: m_AnchorMax.y
      value: 0
      objectReference: {fileID: 0}
    - target: {fileID: 22455824, guid: 12cf1107c922a4c419a8d26b692888b6, type: 2}
      propertyPath: m_AnchorMin.x
      value: 0
      objectReference: {fileID: 0}
    - target: {fileID: 22455824, guid: 12cf1107c922a4c419a8d26b692888b6, type: 2}
      propertyPath: m_AnchorMax.x
      value: 0
      objectReference: {fileID: 0}
    - target: {fileID: 22455824, guid: 12cf1107c922a4c419a8d26b692888b6, type: 2}
      propertyPath: m_AnchorMax.y
      value: 0
      objectReference: {fileID: 0}
    m_RemovedComponents: []
  m_ParentPrefab: {fileID: 100100000, guid: 12cf1107c922a4c419a8d26b692888b6, type: 2}
  m_RootGameObject: {fileID: 341767235}
  m_IsPrefabParent: 0
--- !u!1 &280701115
GameObject:
  m_ObjectHideFlags: 0
  m_PrefabParentObject: {fileID: 155832, guid: 12cf1107c922a4c419a8d26b692888b6, type: 2}
  m_PrefabInternal: {fileID: 174085685}
  serializedVersion: 5
  m_Component:
  - component: {fileID: 280701116}
  - component: {fileID: 280701118}
  - component: {fileID: 280701117}
  m_Layer: 5
  m_Name: Background
  m_TagString: Untagged
  m_Icon: {fileID: 0}
  m_NavMeshLayer: 0
  m_StaticEditorFlags: 0
  m_IsActive: 1
--- !u!224 &280701116
RectTransform:
  m_ObjectHideFlags: 0
  m_PrefabParentObject: {fileID: 22455832, guid: 12cf1107c922a4c419a8d26b692888b6,
    type: 2}
  m_PrefabInternal: {fileID: 174085685}
  m_GameObject: {fileID: 280701115}
  m_LocalRotation: {x: 0, y: 0, z: 0, w: 1}
  m_LocalPosition: {x: 0, y: 0, z: 0}
  m_LocalScale: {x: 1, y: 1, z: 1}
  m_Children: []
  m_Father: {fileID: 1988082759}
  m_RootOrder: 0
  m_LocalEulerAnglesHint: {x: 0, y: 0, z: 0}
  m_AnchorMin: {x: 0, y: 0.25}
  m_AnchorMax: {x: 1, y: 0.75}
  m_AnchoredPosition: {x: 0, y: 0}
  m_SizeDelta: {x: 0, y: 0}
  m_Pivot: {x: 0.5, y: 0.5}
--- !u!114 &280701117
MonoBehaviour:
  m_ObjectHideFlags: 0
  m_PrefabParentObject: {fileID: 11455830, guid: 12cf1107c922a4c419a8d26b692888b6,
    type: 2}
  m_PrefabInternal: {fileID: 174085685}
  m_GameObject: {fileID: 280701115}
  m_Enabled: 1
  m_EditorHideFlags: 0
  m_Script: {fileID: -765806418, guid: f5f67c52d1564df4a8936ccd202a3bd8, type: 3}
  m_Name: 
  m_EditorClassIdentifier: 
  m_Material: {fileID: 0}
  m_Color: {r: 1, g: 1, b: 1, a: 1}
  m_RaycastTarget: 1
  m_OnCullStateChanged:
    m_PersistentCalls:
      m_Calls: []
    m_TypeName: UnityEngine.UI.MaskableGraphic+CullStateChangedEvent, UnityEngine.UI,
      Version=1.0.0.0, Culture=neutral, PublicKeyToken=null
  m_Sprite: {fileID: 21300000, guid: 7d1b31cdcfe47be49b8f5ab78c4fa6af, type: 3}
  m_Type: 1
  m_PreserveAspect: 0
  m_FillCenter: 1
  m_FillMethod: 4
  m_FillAmount: 1
  m_FillClockwise: 1
  m_FillOrigin: 0
--- !u!222 &280701118
CanvasRenderer:
  m_ObjectHideFlags: 0
  m_PrefabParentObject: {fileID: 22255828, guid: 12cf1107c922a4c419a8d26b692888b6,
    type: 2}
  m_PrefabInternal: {fileID: 174085685}
  m_GameObject: {fileID: 280701115}
--- !u!1001 &291456144
Prefab:
  m_ObjectHideFlags: 0
  serializedVersion: 2
  m_Modification:
    m_TransformParent: {fileID: 0}
    m_Modifications:
    - target: {fileID: 418898, guid: fe0e8e8f91cab3547a00e6c0dbd4c534, type: 2}
      propertyPath: m_LocalPosition.x
      value: 0
      objectReference: {fileID: 0}
    - target: {fileID: 418898, guid: fe0e8e8f91cab3547a00e6c0dbd4c534, type: 2}
      propertyPath: m_LocalPosition.y
      value: 0
      objectReference: {fileID: 0}
    - target: {fileID: 418898, guid: fe0e8e8f91cab3547a00e6c0dbd4c534, type: 2}
      propertyPath: m_LocalPosition.z
      value: 0
      objectReference: {fileID: 0}
    - target: {fileID: 418898, guid: fe0e8e8f91cab3547a00e6c0dbd4c534, type: 2}
      propertyPath: m_LocalRotation.x
      value: 0
      objectReference: {fileID: 0}
    - target: {fileID: 418898, guid: fe0e8e8f91cab3547a00e6c0dbd4c534, type: 2}
      propertyPath: m_LocalRotation.y
      value: 0
      objectReference: {fileID: 0}
    - target: {fileID: 418898, guid: fe0e8e8f91cab3547a00e6c0dbd4c534, type: 2}
      propertyPath: m_LocalRotation.z
      value: 0
      objectReference: {fileID: 0}
    - target: {fileID: 418898, guid: fe0e8e8f91cab3547a00e6c0dbd4c534, type: 2}
      propertyPath: m_LocalRotation.w
      value: 1
      objectReference: {fileID: 0}
    - target: {fileID: 418898, guid: fe0e8e8f91cab3547a00e6c0dbd4c534, type: 2}
      propertyPath: m_RootOrder
      value: 1
      objectReference: {fileID: 0}
    m_RemovedComponents: []
  m_ParentPrefab: {fileID: 100100000, guid: fe0e8e8f91cab3547a00e6c0dbd4c534, type: 2}
  m_RootGameObject: {fileID: 985470824}
  m_IsPrefabParent: 0
--- !u!1 &323708304
GameObject:
  m_ObjectHideFlags: 0
  m_PrefabParentObject: {fileID: 113220, guid: 12cf1107c922a4c419a8d26b692888b6, type: 2}
  m_PrefabInternal: {fileID: 174085685}
  serializedVersion: 5
  m_Component:
  - component: {fileID: 323708305}
  - component: {fileID: 323708309}
  - component: {fileID: 323708308}
  - component: {fileID: 323708307}
  - component: {fileID: 323708306}
  - component: {fileID: 323708310}
  m_Layer: 5
  m_Name: PauseButton
  m_TagString: Untagged
  m_Icon: {fileID: 0}
  m_NavMeshLayer: 0
  m_StaticEditorFlags: 0
  m_IsActive: 1
--- !u!224 &323708305
RectTransform:
  m_ObjectHideFlags: 0
  m_PrefabParentObject: {fileID: 22413220, guid: 12cf1107c922a4c419a8d26b692888b6,
    type: 2}
  m_PrefabInternal: {fileID: 174085685}
  m_GameObject: {fileID: 323708304}
  m_LocalRotation: {x: 0, y: 0, z: 0, w: 1}
  m_LocalPosition: {x: 0, y: 0, z: 0}
  m_LocalScale: {x: 1, y: 1, z: 1}
  m_Children:
  - {fileID: 1936666833}
  m_Father: {fileID: 341767236}
  m_RootOrder: 6
  m_LocalEulerAnglesHint: {x: 0, y: 0, z: 0}
  m_AnchorMin: {x: 0.5, y: 0.5}
  m_AnchorMax: {x: 0.5, y: 0.5}
  m_AnchoredPosition: {x: 531, y: -395}
  m_SizeDelta: {x: 93, y: 100}
  m_Pivot: {x: 0.5, y: 0.5}
--- !u!114 &323708306
MonoBehaviour:
  m_ObjectHideFlags: 0
  m_PrefabParentObject: {fileID: 11413222, guid: 12cf1107c922a4c419a8d26b692888b6,
    type: 2}
  m_PrefabInternal: {fileID: 174085685}
  m_GameObject: {fileID: 323708304}
  m_Enabled: 1
  m_EditorHideFlags: 0
  m_Script: {fileID: 11500000, guid: 96704c6a9f7e0984cb7c1478f39825a7, type: 3}
  m_Name: 
  m_EditorClassIdentifier: 
  buttonPressedOffset: {x: 0, y: -3.9, z: 0}
--- !u!114 &323708307
MonoBehaviour:
  m_ObjectHideFlags: 0
  m_PrefabParentObject: {fileID: 11413218, guid: 12cf1107c922a4c419a8d26b692888b6,
    type: 2}
  m_PrefabInternal: {fileID: 174085685}
  m_GameObject: {fileID: 323708304}
  m_Enabled: 1
  m_EditorHideFlags: 0
  m_Script: {fileID: 1392445389, guid: f5f67c52d1564df4a8936ccd202a3bd8, type: 3}
  m_Name: 
  m_EditorClassIdentifier: 
  m_Navigation:
    m_Mode: 3
    m_SelectOnUp: {fileID: 0}
    m_SelectOnDown: {fileID: 0}
    m_SelectOnLeft: {fileID: 0}
    m_SelectOnRight: {fileID: 0}
  m_Transition: 2
  m_Colors:
    m_NormalColor: {r: 1, g: 1, b: 1, a: 1}
    m_HighlightedColor: {r: 0.9607843, g: 0.9607843, b: 0.9607843, a: 1}
    m_PressedColor: {r: 0.78431374, g: 0.78431374, b: 0.78431374, a: 1}
    m_DisabledColor: {r: 0.78431374, g: 0.78431374, b: 0.78431374, a: 0.5019608}
    m_ColorMultiplier: 1
    m_FadeDuration: 0.1
  m_SpriteState:
    m_HighlightedSprite: {fileID: 0}
    m_PressedSprite: {fileID: 21300000, guid: 8099e46a694a2bc419c15339991be5d4, type: 3}
    m_DisabledSprite: {fileID: 0}
  m_AnimationTriggers:
    m_NormalTrigger: Normal
    m_HighlightedTrigger: Highlighted
    m_PressedTrigger: Pressed
    m_DisabledTrigger: Disabled
  m_Interactable: 1
  m_TargetGraphic: {fileID: 323708308}
  m_OnClick:
    m_PersistentCalls:
      m_Calls:
      - m_Target: {fileID: 323708310}
        m_MethodName: ToggleGamePause
        m_Mode: 1
        m_Arguments:
          m_ObjectArgument: {fileID: 0}
          m_ObjectArgumentAssemblyTypeName: UnityEngine.Object, UnityEngine
          m_IntArgument: 0
          m_FloatArgument: 0
          m_StringArgument: 
          m_BoolArgument: 0
        m_CallState: 2
    m_TypeName: UnityEngine.UI.Button+ButtonClickedEvent, UnityEngine.UI, Version=1.0.0.0,
      Culture=neutral, PublicKeyToken=null
--- !u!114 &323708308
MonoBehaviour:
  m_ObjectHideFlags: 0
  m_PrefabParentObject: {fileID: 11413216, guid: 12cf1107c922a4c419a8d26b692888b6,
    type: 2}
  m_PrefabInternal: {fileID: 174085685}
  m_GameObject: {fileID: 323708304}
  m_Enabled: 1
  m_EditorHideFlags: 0
  m_Script: {fileID: -765806418, guid: f5f67c52d1564df4a8936ccd202a3bd8, type: 3}
  m_Name: 
  m_EditorClassIdentifier: 
  m_Material: {fileID: 0}
  m_Color: {r: 1, g: 1, b: 1, a: 1}
  m_RaycastTarget: 1
  m_OnCullStateChanged:
    m_PersistentCalls:
      m_Calls: []
    m_TypeName: UnityEngine.UI.MaskableGraphic+CullStateChangedEvent, UnityEngine.UI,
      Version=1.0.0.0, Culture=neutral, PublicKeyToken=null
  m_Sprite: {fileID: 21300000, guid: 5bef178c421d2c547b72b985f0b53e24, type: 3}
  m_Type: 0
  m_PreserveAspect: 1
  m_FillCenter: 1
  m_FillMethod: 4
  m_FillAmount: 1
  m_FillClockwise: 1
  m_FillOrigin: 0
--- !u!222 &323708309
CanvasRenderer:
  m_ObjectHideFlags: 0
  m_PrefabParentObject: {fileID: 22213220, guid: 12cf1107c922a4c419a8d26b692888b6,
    type: 2}
  m_PrefabInternal: {fileID: 174085685}
  m_GameObject: {fileID: 323708304}
--- !u!114 &323708310
MonoBehaviour:
  m_ObjectHideFlags: 0
  m_PrefabParentObject: {fileID: 11403346, guid: 12cf1107c922a4c419a8d26b692888b6,
    type: 2}
  m_PrefabInternal: {fileID: 174085685}
  m_GameObject: {fileID: 323708304}
  m_Enabled: 1
  m_EditorHideFlags: 0
  m_Script: {fileID: 11500000, guid: 5c5e32cc02484404b8bb57ff5bfe6e07, type: 3}
  m_Name: 
  m_EditorClassIdentifier: 
--- !u!1 &326608298
GameObject:
  m_ObjectHideFlags: 0
  m_PrefabParentObject: {fileID: 125244, guid: 6f815f1f2d6da864caa6a838143e7e34, type: 2}
  m_PrefabInternal: {fileID: 2040106810}
  serializedVersion: 5
  m_Component:
  - component: {fileID: 326608299}
  - component: {fileID: 326608300}
  m_Layer: 0
  m_Name: Attacker Spawn
  m_TagString: Untagged
  m_Icon: {fileID: 0}
  m_NavMeshLayer: 0
  m_StaticEditorFlags: 0
  m_IsActive: 1
--- !u!4 &326608299
Transform:
  m_ObjectHideFlags: 0
  m_PrefabParentObject: {fileID: 425244, guid: 6f815f1f2d6da864caa6a838143e7e34, type: 2}
  m_PrefabInternal: {fileID: 2040106810}
  m_GameObject: {fileID: 326608298}
  m_LocalRotation: {x: 0, y: 0, z: 0, w: 1}
  m_LocalPosition: {x: 13, y: 3, z: 0}
  m_LocalScale: {x: 1, y: 1, z: 1}
  m_Children: []
  m_Father: {fileID: 788478621}
  m_RootOrder: 2
  m_LocalEulerAnglesHint: {x: 0, y: 0, z: 0}
--- !u!114 &326608300
MonoBehaviour:
  m_ObjectHideFlags: 0
  m_PrefabParentObject: {fileID: 11425246, guid: 6f815f1f2d6da864caa6a838143e7e34,
    type: 2}
  m_PrefabInternal: {fileID: 2040106810}
  m_GameObject: {fileID: 326608298}
  m_Enabled: 1
  m_EditorHideFlags: 0
  m_Script: {fileID: 11500000, guid: 6f052712885ae62428a51872ba9d8d9e, type: 3}
  m_Name: 
  m_EditorClassIdentifier: 
  possibleAttackers:
  - {fileID: 164342, guid: 3dab941f5e9b27d4fb61b51c6086511a, type: 2}
  - {fileID: 189130, guid: 5bacd09a853b22443b405f6be6beaee7, type: 2}
--- !u!1 &341767235
GameObject:
  m_ObjectHideFlags: 0
  m_PrefabParentObject: {fileID: 182394, guid: 12cf1107c922a4c419a8d26b692888b6, type: 2}
  m_PrefabInternal: {fileID: 174085685}
  serializedVersion: 5
  m_Component:
  - component: {fileID: 341767236}
  - component: {fileID: 341767239}
  - component: {fileID: 341767238}
  - component: {fileID: 341767237}
  m_Layer: 5
  m_Name: Level Canvas
  m_TagString: Untagged
  m_Icon: {fileID: 0}
  m_NavMeshLayer: 0
  m_StaticEditorFlags: 0
  m_IsActive: 1
--- !u!224 &341767236
RectTransform:
  m_ObjectHideFlags: 0
  m_PrefabParentObject: {fileID: 22482394, guid: 12cf1107c922a4c419a8d26b692888b6,
    type: 2}
  m_PrefabInternal: {fileID: 174085685}
  m_GameObject: {fileID: 341767235}
  m_LocalRotation: {x: 0, y: 0, z: 0, w: 1}
  m_LocalPosition: {x: 0, y: 0, z: 1}
  m_LocalScale: {x: 0.0075, y: 0.0075, z: 0}
  m_Children:
  - {fileID: 2073524678}
  - {fileID: 863809873}
  - {fileID: 357743449}
  - {fileID: 1613082458}
  - {fileID: 1869526905}
  - {fileID: 864497980}
  - {fileID: 323708305}
  m_Father: {fileID: 0}
  m_RootOrder: 3
  m_LocalEulerAnglesHint: {x: 0, y: 0, z: 0}
  m_AnchorMin: {x: 0, y: 0}
  m_AnchorMax: {x: 0, y: 0}
  m_AnchoredPosition: {x: 5, y: 3}
  m_SizeDelta: {x: 1600, y: 900}
  m_Pivot: {x: 0.5, y: 0.5}
--- !u!114 &341767237
MonoBehaviour:
  m_ObjectHideFlags: 0
  m_PrefabParentObject: {fileID: 11482394, guid: 12cf1107c922a4c419a8d26b692888b6,
    type: 2}
  m_PrefabInternal: {fileID: 174085685}
  m_GameObject: {fileID: 341767235}
  m_Enabled: 1
  m_EditorHideFlags: 0
  m_Script: {fileID: 1301386320, guid: f5f67c52d1564df4a8936ccd202a3bd8, type: 3}
  m_Name: 
  m_EditorClassIdentifier: 
  m_IgnoreReversedGraphics: 1
  m_BlockingObjects: 0
  m_BlockingMask:
    serializedVersion: 2
    m_Bits: 4294967295
--- !u!114 &341767238
MonoBehaviour:
  m_ObjectHideFlags: 0
  m_PrefabParentObject: {fileID: 11482396, guid: 12cf1107c922a4c419a8d26b692888b6,
    type: 2}
  m_PrefabInternal: {fileID: 174085685}
  m_GameObject: {fileID: 341767235}
  m_Enabled: 1
  m_EditorHideFlags: 0
  m_Script: {fileID: 1980459831, guid: f5f67c52d1564df4a8936ccd202a3bd8, type: 3}
  m_Name: 
  m_EditorClassIdentifier: 
  m_UiScaleMode: 1
  m_ReferencePixelsPerUnit: 100
  m_ScaleFactor: 1
  m_ReferenceResolution: {x: 1600, y: 900}
  m_ScreenMatchMode: 2
  m_MatchWidthOrHeight: 0
  m_PhysicalUnit: 3
  m_FallbackScreenDPI: 96
  m_DefaultSpriteDPI: 96
  m_DynamicPixelsPerUnit: 1
--- !u!223 &341767239
Canvas:
  m_ObjectHideFlags: 0
  m_PrefabParentObject: {fileID: 22382392, guid: 12cf1107c922a4c419a8d26b692888b6,
    type: 2}
  m_PrefabInternal: {fileID: 174085685}
  m_GameObject: {fileID: 341767235}
  m_Enabled: 1
  serializedVersion: 2
  m_RenderMode: 2
  m_Camera: {fileID: 0}
  m_PlaneDistance: 100
  m_PixelPerfect: 0
  m_ReceivesEvents: 1
  m_OverrideSorting: 0
  m_OverridePixelPerfect: 0
  m_SortingBucketNormalizedSize: 0
  m_SortingLayerID: 0
  m_SortingOrder: 0
  m_TargetDisplay: 0
--- !u!1 &357743448
GameObject:
  m_ObjectHideFlags: 0
  m_PrefabParentObject: {fileID: 122986, guid: 12cf1107c922a4c419a8d26b692888b6, type: 2}
  m_PrefabInternal: {fileID: 174085685}
  serializedVersion: 5
  m_Component:
  - component: {fileID: 357743449}
  - component: {fileID: 357743451}
  - component: {fileID: 357743450}
  m_Layer: 5
  m_Name: Stars Panel
  m_TagString: Untagged
  m_Icon: {fileID: 0}
  m_NavMeshLayer: 0
  m_StaticEditorFlags: 0
  m_IsActive: 1
--- !u!224 &357743449
RectTransform:
  m_ObjectHideFlags: 0
  m_PrefabParentObject: {fileID: 22422986, guid: 12cf1107c922a4c419a8d26b692888b6,
    type: 2}
  m_PrefabInternal: {fileID: 174085685}
  m_GameObject: {fileID: 357743448}
  m_LocalRotation: {x: 0, y: 0, z: 0, w: 1}
  m_LocalPosition: {x: 0, y: 0, z: 0}
  m_LocalScale: {x: 1, y: 1, z: 1}
  m_Children:
  - {fileID: 2118257605}
  - {fileID: 984998686}
  m_Father: {fileID: 341767236}
  m_RootOrder: 2
  m_LocalEulerAnglesHint: {x: 0, y: 0, z: 0}
  m_AnchorMin: {x: 0, y: 1}
  m_AnchorMax: {x: 0, y: 1}
  m_AnchoredPosition: {x: 844.2, y: -56.3}
  m_SizeDelta: {x: 214.2, y: 112.5}
  m_Pivot: {x: 0.5, y: 0.5}
--- !u!114 &357743450
MonoBehaviour:
  m_ObjectHideFlags: 0
  m_PrefabParentObject: {fileID: 11422986, guid: 12cf1107c922a4c419a8d26b692888b6,
    type: 2}
  m_PrefabInternal: {fileID: 174085685}
  m_GameObject: {fileID: 357743448}
  m_Enabled: 1
  m_EditorHideFlags: 0
  m_Script: {fileID: -765806418, guid: f5f67c52d1564df4a8936ccd202a3bd8, type: 3}
  m_Name: 
  m_EditorClassIdentifier: 
  m_Material: {fileID: 0}
  m_Color: {r: 1, g: 1, b: 1, a: 1}
  m_RaycastTarget: 1
  m_OnCullStateChanged:
    m_PersistentCalls:
      m_Calls: []
    m_TypeName: UnityEngine.UI.MaskableGraphic+CullStateChangedEvent, UnityEngine.UI,
      Version=1.0.0.0, Culture=neutral, PublicKeyToken=null
  m_Sprite: {fileID: 21300000, guid: f61880d5a04b5ef4ca00437bf6edfaeb, type: 3}
  m_Type: 1
  m_PreserveAspect: 0
  m_FillCenter: 1
  m_FillMethod: 4
  m_FillAmount: 1
  m_FillClockwise: 1
  m_FillOrigin: 0
--- !u!222 &357743451
CanvasRenderer:
  m_ObjectHideFlags: 0
  m_PrefabParentObject: {fileID: 22222986, guid: 12cf1107c922a4c419a8d26b692888b6,
    type: 2}
  m_PrefabInternal: {fileID: 174085685}
  m_GameObject: {fileID: 357743448}
--- !u!1 &455943037
GameObject:
  m_ObjectHideFlags: 0
  m_PrefabParentObject: {fileID: 155826, guid: 12cf1107c922a4c419a8d26b692888b6, type: 2}
  m_PrefabInternal: {fileID: 174085685}
  serializedVersion: 5
  m_Component:
  - component: {fileID: 455943038}
  m_Layer: 5
  m_Name: Handle Slide Area
  m_TagString: Untagged
  m_Icon: {fileID: 0}
  m_NavMeshLayer: 0
  m_StaticEditorFlags: 0
  m_IsActive: 1
--- !u!224 &455943038
RectTransform:
  m_ObjectHideFlags: 0
  m_PrefabParentObject: {fileID: 22455826, guid: 12cf1107c922a4c419a8d26b692888b6,
    type: 2}
  m_PrefabInternal: {fileID: 174085685}
  m_GameObject: {fileID: 455943037}
  m_LocalRotation: {x: 0, y: 0, z: 0, w: 1}
  m_LocalPosition: {x: 0, y: 0, z: 0}
  m_LocalScale: {x: 1, y: 1, z: 1}
  m_Children:
  - {fileID: 1434249536}
  m_Father: {fileID: 1988082759}
  m_RootOrder: 2
  m_LocalEulerAnglesHint: {x: 0, y: 0, z: 0}
  m_AnchorMin: {x: 0, y: 0}
  m_AnchorMax: {x: 1, y: 1}
  m_AnchoredPosition: {x: 0, y: 0}
  m_SizeDelta: {x: -20, y: 0}
  m_Pivot: {x: 0.5, y: 0.5}
--- !u!1001 &579923548
Prefab:
  m_ObjectHideFlags: 0
  serializedVersion: 2
  m_Modification:
    m_TransformParent: {fileID: 0}
    m_Modifications:
    - target: {fileID: 490944, guid: c62dcc5e1c0d30848bdc2f16bd053e80, type: 2}
      propertyPath: m_LocalPosition.x
      value: 0
      objectReference: {fileID: 0}
    - target: {fileID: 490944, guid: c62dcc5e1c0d30848bdc2f16bd053e80, type: 2}
      propertyPath: m_LocalPosition.y
      value: 0
      objectReference: {fileID: 0}
    - target: {fileID: 490944, guid: c62dcc5e1c0d30848bdc2f16bd053e80, type: 2}
      propertyPath: m_LocalPosition.z
      value: 0
      objectReference: {fileID: 0}
    - target: {fileID: 490944, guid: c62dcc5e1c0d30848bdc2f16bd053e80, type: 2}
      propertyPath: m_LocalRotation.x
      value: 0
      objectReference: {fileID: 0}
    - target: {fileID: 490944, guid: c62dcc5e1c0d30848bdc2f16bd053e80, type: 2}
      propertyPath: m_LocalRotation.y
      value: 0
      objectReference: {fileID: 0}
    - target: {fileID: 490944, guid: c62dcc5e1c0d30848bdc2f16bd053e80, type: 2}
      propertyPath: m_LocalRotation.z
      value: 0
      objectReference: {fileID: 0}
    - target: {fileID: 490944, guid: c62dcc5e1c0d30848bdc2f16bd053e80, type: 2}
      propertyPath: m_LocalRotation.w
      value: 1
      objectReference: {fileID: 0}
    - target: {fileID: 490944, guid: c62dcc5e1c0d30848bdc2f16bd053e80, type: 2}
      propertyPath: m_RootOrder
      value: 2
      objectReference: {fileID: 0}
    m_RemovedComponents: []
  m_ParentPrefab: {fileID: 100100000, guid: c62dcc5e1c0d30848bdc2f16bd053e80, type: 2}
  m_RootGameObject: {fileID: 1940562033}
  m_IsPrefabParent: 0
--- !u!1 &639768737
GameObject:
  m_ObjectHideFlags: 0
  m_PrefabParentObject: {fileID: 125248, guid: 6f815f1f2d6da864caa6a838143e7e34, type: 2}
  m_PrefabInternal: {fileID: 2040106810}
  serializedVersion: 5
  m_Component:
  - component: {fileID: 639768738}
  - component: {fileID: 639768739}
  m_Layer: 0
  m_Name: Attacker Spawn
  m_TagString: Untagged
  m_Icon: {fileID: 0}
  m_NavMeshLayer: 0
  m_StaticEditorFlags: 0
  m_IsActive: 1
--- !u!4 &639768738
Transform:
  m_ObjectHideFlags: 0
  m_PrefabParentObject: {fileID: 425248, guid: 6f815f1f2d6da864caa6a838143e7e34, type: 2}
  m_PrefabInternal: {fileID: 2040106810}
  m_GameObject: {fileID: 639768737}
  m_LocalRotation: {x: 0, y: 0, z: 0, w: 1}
  m_LocalPosition: {x: 13, y: 2, z: 0}
  m_LocalScale: {x: 1, y: 1, z: 1}
  m_Children: []
  m_Father: {fileID: 788478621}
  m_RootOrder: 3
  m_LocalEulerAnglesHint: {x: 0, y: 0, z: 0}
--- !u!114 &639768739
MonoBehaviour:
  m_ObjectHideFlags: 0
  m_PrefabParentObject: {fileID: 11425248, guid: 6f815f1f2d6da864caa6a838143e7e34,
    type: 2}
  m_PrefabInternal: {fileID: 2040106810}
  m_GameObject: {fileID: 639768737}
  m_Enabled: 1
  m_EditorHideFlags: 0
  m_Script: {fileID: 11500000, guid: 6f052712885ae62428a51872ba9d8d9e, type: 3}
  m_Name: 
  m_EditorClassIdentifier: 
  possibleAttackers:
  - {fileID: 164342, guid: 3dab941f5e9b27d4fb61b51c6086511a, type: 2}
  - {fileID: 189130, guid: 5bacd09a853b22443b405f6be6beaee7, type: 2}
--- !u!1 &678223473
GameObject:
  m_ObjectHideFlags: 0
  m_PrefabParentObject: {fileID: 155828, guid: 12cf1107c922a4c419a8d26b692888b6, type: 2}
  m_PrefabInternal: {fileID: 174085685}
  serializedVersion: 5
  m_Component:
  - component: {fileID: 678223474}
  - component: {fileID: 678223476}
  - component: {fileID: 678223475}
  m_Layer: 5
  m_Name: Fill
  m_TagString: Untagged
  m_Icon: {fileID: 0}
  m_NavMeshLayer: 0
  m_StaticEditorFlags: 0
  m_IsActive: 1
--- !u!224 &678223474
RectTransform:
  m_ObjectHideFlags: 0
  m_PrefabParentObject: {fileID: 22455828, guid: 12cf1107c922a4c419a8d26b692888b6,
    type: 2}
  m_PrefabInternal: {fileID: 174085685}
  m_GameObject: {fileID: 678223473}
  m_LocalRotation: {x: 0, y: 0, z: 0, w: 1}
  m_LocalPosition: {x: 0, y: 0, z: 0}
  m_LocalScale: {x: 1, y: 1, z: 1}
  m_Children: []
  m_Father: {fileID: 689093911}
  m_RootOrder: 0
  m_LocalEulerAnglesHint: {x: 0, y: 0, z: 0}
  m_AnchorMin: {x: 0, y: 0}
  m_AnchorMax: {x: 0, y: 0}
  m_AnchoredPosition: {x: 0, y: 0}
  m_SizeDelta: {x: 10, y: 0}
  m_Pivot: {x: 0.5, y: 0.5}
--- !u!114 &678223475
MonoBehaviour:
  m_ObjectHideFlags: 0
  m_PrefabParentObject: {fileID: 11455828, guid: 12cf1107c922a4c419a8d26b692888b6,
    type: 2}
  m_PrefabInternal: {fileID: 174085685}
  m_GameObject: {fileID: 678223473}
  m_Enabled: 1
  m_EditorHideFlags: 0
  m_Script: {fileID: -765806418, guid: f5f67c52d1564df4a8936ccd202a3bd8, type: 3}
  m_Name: 
  m_EditorClassIdentifier: 
  m_Material: {fileID: 0}
  m_Color: {r: 1, g: 1, b: 1, a: 1}
  m_RaycastTarget: 1
  m_OnCullStateChanged:
    m_PersistentCalls:
      m_Calls: []
    m_TypeName: UnityEngine.UI.MaskableGraphic+CullStateChangedEvent, UnityEngine.UI,
      Version=1.0.0.0, Culture=neutral, PublicKeyToken=null
  m_Sprite: {fileID: 21300000, guid: 9fbd13a067d824549b48718e44852019, type: 3}
  m_Type: 1
  m_PreserveAspect: 0
  m_FillCenter: 1
  m_FillMethod: 4
  m_FillAmount: 1
  m_FillClockwise: 1
  m_FillOrigin: 0
--- !u!222 &678223476
CanvasRenderer:
  m_ObjectHideFlags: 0
  m_PrefabParentObject: {fileID: 22255826, guid: 12cf1107c922a4c419a8d26b692888b6,
    type: 2}
  m_PrefabInternal: {fileID: 174085685}
  m_GameObject: {fileID: 678223473}
--- !u!1 &689093910
GameObject:
  m_ObjectHideFlags: 0
  m_PrefabParentObject: {fileID: 155830, guid: 12cf1107c922a4c419a8d26b692888b6, type: 2}
  m_PrefabInternal: {fileID: 174085685}
  serializedVersion: 5
  m_Component:
  - component: {fileID: 689093911}
  m_Layer: 5
  m_Name: Fill Area
  m_TagString: Untagged
  m_Icon: {fileID: 0}
  m_NavMeshLayer: 0
  m_StaticEditorFlags: 0
  m_IsActive: 1
--- !u!224 &689093911
RectTransform:
  m_ObjectHideFlags: 0
  m_PrefabParentObject: {fileID: 22455830, guid: 12cf1107c922a4c419a8d26b692888b6,
    type: 2}
  m_PrefabInternal: {fileID: 174085685}
  m_GameObject: {fileID: 689093910}
  m_LocalRotation: {x: 0, y: 0, z: 0, w: 1}
  m_LocalPosition: {x: 0, y: 0, z: 0}
  m_LocalScale: {x: 1, y: 1, z: 1}
  m_Children:
  - {fileID: 678223474}
  m_Father: {fileID: 1988082759}
  m_RootOrder: 1
  m_LocalEulerAnglesHint: {x: 0, y: 0, z: 0}
  m_AnchorMin: {x: 0, y: 0.25}
  m_AnchorMax: {x: 1, y: 0.75}
  m_AnchoredPosition: {x: 0.00000023841858, y: 0}
  m_SizeDelta: {x: -10, y: 0}
  m_Pivot: {x: 0.5, y: 0.5}
--- !u!1 &788478620
GameObject:
  m_ObjectHideFlags: 0
  m_PrefabParentObject: {fileID: 125246, guid: 6f815f1f2d6da864caa6a838143e7e34, type: 2}
  m_PrefabInternal: {fileID: 2040106810}
  serializedVersion: 5
  m_Component:
  - component: {fileID: 788478621}
  m_Layer: 0
  m_Name: Attacker Spawns
  m_TagString: Untagged
  m_Icon: {fileID: 0}
  m_NavMeshLayer: 0
  m_StaticEditorFlags: 0
  m_IsActive: 1
--- !u!4 &788478621
Transform:
  m_ObjectHideFlags: 0
  m_PrefabParentObject: {fileID: 425246, guid: 6f815f1f2d6da864caa6a838143e7e34, type: 2}
  m_PrefabInternal: {fileID: 2040106810}
  m_GameObject: {fileID: 788478620}
  m_LocalRotation: {x: 0, y: 0, z: 0, w: 1}
  m_LocalPosition: {x: 0, y: 0, z: 0}
  m_LocalScale: {x: 1, y: 1, z: 1}
  m_Children:
  - {fileID: 1631972984}
  - {fileID: 1619480419}
  - {fileID: 326608299}
  - {fileID: 639768738}
  - {fileID: 1632449308}
  m_Father: {fileID: 0}
  m_RootOrder: 5
  m_LocalEulerAnglesHint: {x: 0, y: 0, z: 0}
--- !u!1 &807245078
GameObject:
  m_ObjectHideFlags: 0
  m_PrefabParentObject: {fileID: 177880, guid: 12cf1107c922a4c419a8d26b692888b6, type: 2}
  m_PrefabInternal: {fileID: 174085685}
  serializedVersion: 5
  m_Component:
  - component: {fileID: 807245079}
  - component: {fileID: 807245083}
  - component: {fileID: 807245082}
  - component: {fileID: 807245081}
  - component: {fileID: 807245080}
  m_Layer: 5
  m_Name: UnitSelector
  m_TagString: Untagged
  m_Icon: {fileID: 0}
  m_NavMeshLayer: 0
  m_StaticEditorFlags: 0
  m_IsActive: 1
--- !u!224 &807245079
RectTransform:
  m_ObjectHideFlags: 0
  m_PrefabParentObject: {fileID: 22477882, guid: 12cf1107c922a4c419a8d26b692888b6,
    type: 2}
  m_PrefabInternal: {fileID: 174085685}
  m_GameObject: {fileID: 807245078}
  m_LocalRotation: {x: 0, y: 0, z: 0, w: 1}
  m_LocalPosition: {x: 0, y: 0, z: 0}
  m_LocalScale: {x: 1, y: 1, z: 1}
  m_Children: []
  m_Father: {fileID: 1869526905}
  m_RootOrder: 2
  m_LocalEulerAnglesHint: {x: 0, y: 0, z: 0}
  m_AnchorMin: {x: 0, y: 0.5}
  m_AnchorMax: {x: 0, y: 0.5}
  m_AnchoredPosition: {x: 214.99997, y: 0.00006866455}
  m_SizeDelta: {x: 100, y: 100}
  m_Pivot: {x: -0.000000173226, y: 0.5}
--- !u!61 &807245080
BoxCollider2D:
  m_ObjectHideFlags: 0
  m_PrefabParentObject: {fileID: 6177892, guid: 12cf1107c922a4c419a8d26b692888b6,
    type: 2}
  m_PrefabInternal: {fileID: 174085685}
  m_GameObject: {fileID: 807245078}
  m_Enabled: 1
  m_Density: 1
  m_Material: {fileID: 0}
  m_IsTrigger: 0
  m_UsedByEffector: 0
  m_Offset: {x: 50, y: 0}
  serializedVersion: 2
  m_Size: {x: 100, y: 100}
--- !u!114 &807245081
MonoBehaviour:
  m_ObjectHideFlags: 0
  m_PrefabParentObject: {fileID: 11477886, guid: 12cf1107c922a4c419a8d26b692888b6,
    type: 2}
  m_PrefabInternal: {fileID: 174085685}
  m_GameObject: {fileID: 807245078}
  m_Enabled: 1
  m_EditorHideFlags: 0
  m_Script: {fileID: 11500000, guid: ebbc048cf8a28a148821686ec4070ff7, type: 3}
  m_Name: 
  m_EditorClassIdentifier: 
  deselectedColor: {r: 0, g: 0, b: 0, a: 0.627451}
  insufficientFundsColor: {r: 1, g: 0, b: 0, a: 1}
--- !u!114 &807245082
MonoBehaviour:
  m_ObjectHideFlags: 0
  m_PrefabParentObject: {fileID: 11477864, guid: 12cf1107c922a4c419a8d26b692888b6,
    type: 2}
  m_PrefabInternal: {fileID: 174085685}
  m_GameObject: {fileID: 807245078}
  m_Enabled: 1
  m_EditorHideFlags: 0
  m_Script: {fileID: -765806418, guid: f5f67c52d1564df4a8936ccd202a3bd8, type: 3}
  m_Name: 
  m_EditorClassIdentifier: 
  m_Material: {fileID: 0}
  m_Color: {r: 1, g: 1, b: 1, a: 1}
  m_RaycastTarget: 1
  m_OnCullStateChanged:
    m_PersistentCalls:
      m_Calls: []
    m_TypeName: UnityEngine.UI.MaskableGraphic+CullStateChangedEvent, UnityEngine.UI,
      Version=1.0.0.0, Culture=neutral, PublicKeyToken=null
  m_Sprite: {fileID: 21300000, guid: 98f866b649e0ce34aba15c983afed0ab, type: 3}
  m_Type: 1
  m_PreserveAspect: 0
  m_FillCenter: 1
  m_FillMethod: 4
  m_FillAmount: 1
  m_FillClockwise: 1
  m_FillOrigin: 0
--- !u!222 &807245083
CanvasRenderer:
  m_ObjectHideFlags: 0
  m_PrefabParentObject: {fileID: 22277882, guid: 12cf1107c922a4c419a8d26b692888b6,
    type: 2}
  m_PrefabInternal: {fileID: 174085685}
  m_GameObject: {fileID: 807245078}
--- !u!1 &819061037
GameObject:
  m_ObjectHideFlags: 0
  m_PrefabParentObject: {fileID: 177890, guid: 12cf1107c922a4c419a8d26b692888b6, type: 2}
  m_PrefabInternal: {fileID: 174085685}
  serializedVersion: 5
  m_Component:
  - component: {fileID: 819061042}
  - component: {fileID: 819061041}
  - component: {fileID: 819061040}
  - component: {fileID: 819061039}
  - component: {fileID: 819061038}
  m_Layer: 5
  m_Name: UnitSelector
  m_TagString: Untagged
  m_Icon: {fileID: 0}
  m_NavMeshLayer: 0
  m_StaticEditorFlags: 0
  m_IsActive: 1
--- !u!61 &819061038
BoxCollider2D:
  m_ObjectHideFlags: 0
  m_PrefabParentObject: {fileID: 6177886, guid: 12cf1107c922a4c419a8d26b692888b6,
    type: 2}
  m_PrefabInternal: {fileID: 174085685}
  m_GameObject: {fileID: 819061037}
  m_Enabled: 1
  m_Density: 1
  m_Material: {fileID: 0}
  m_IsTrigger: 0
  m_UsedByEffector: 0
  m_Offset: {x: 50, y: 0}
  serializedVersion: 2
  m_Size: {x: 100, y: 100}
--- !u!114 &819061039
MonoBehaviour:
  m_ObjectHideFlags: 0
  m_PrefabParentObject: {fileID: 11477880, guid: 12cf1107c922a4c419a8d26b692888b6,
    type: 2}
  m_PrefabInternal: {fileID: 174085685}
  m_GameObject: {fileID: 819061037}
  m_Enabled: 1
  m_EditorHideFlags: 0
  m_Script: {fileID: 11500000, guid: ebbc048cf8a28a148821686ec4070ff7, type: 3}
  m_Name: 
  m_EditorClassIdentifier: 
  deselectedColor: {r: 0, g: 0, b: 0, a: 0.627451}
  insufficientFundsColor: {r: 1, g: 0, b: 0, a: 1}
--- !u!114 &819061040
MonoBehaviour:
  m_ObjectHideFlags: 0
  m_PrefabParentObject: {fileID: 11477874, guid: 12cf1107c922a4c419a8d26b692888b6,
    type: 2}
  m_PrefabInternal: {fileID: 174085685}
  m_GameObject: {fileID: 819061037}
  m_Enabled: 1
  m_EditorHideFlags: 0
  m_Script: {fileID: -765806418, guid: f5f67c52d1564df4a8936ccd202a3bd8, type: 3}
  m_Name: 
  m_EditorClassIdentifier: 
  m_Material: {fileID: 0}
  m_Color: {r: 1, g: 1, b: 1, a: 1}
  m_RaycastTarget: 1
  m_OnCullStateChanged:
    m_PersistentCalls:
      m_Calls: []
    m_TypeName: UnityEngine.UI.MaskableGraphic+CullStateChangedEvent, UnityEngine.UI,
      Version=1.0.0.0, Culture=neutral, PublicKeyToken=null
  m_Sprite: {fileID: 21300000, guid: 98f866b649e0ce34aba15c983afed0ab, type: 3}
  m_Type: 1
  m_PreserveAspect: 0
  m_FillCenter: 1
  m_FillMethod: 4
  m_FillAmount: 1
  m_FillClockwise: 1
  m_FillOrigin: 0
--- !u!222 &819061041
CanvasRenderer:
  m_ObjectHideFlags: 0
  m_PrefabParentObject: {fileID: 22277892, guid: 12cf1107c922a4c419a8d26b692888b6,
    type: 2}
  m_PrefabInternal: {fileID: 174085685}
  m_GameObject: {fileID: 819061037}
--- !u!224 &819061042
RectTransform:
  m_ObjectHideFlags: 0
  m_PrefabParentObject: {fileID: 22477892, guid: 12cf1107c922a4c419a8d26b692888b6,
    type: 2}
  m_PrefabInternal: {fileID: 174085685}
  m_GameObject: {fileID: 819061037}
  m_LocalRotation: {x: 0, y: 0, z: 0, w: 1}
  m_LocalPosition: {x: 0, y: 0, z: 0}
  m_LocalScale: {x: 1, y: 1, z: 1}
  m_Children: []
  m_Father: {fileID: 1869526905}
  m_RootOrder: 4
  m_LocalEulerAnglesHint: {x: 0, y: 0, z: 0}
  m_AnchorMin: {x: 0, y: 0.5}
  m_AnchorMax: {x: 0, y: 0.5}
  m_AnchoredPosition: {x: 424.99988, y: 0.00025701523}
  m_SizeDelta: {x: 100, y: 100}
  m_Pivot: {x: -0.00000018253922, y: 0.5}
--- !u!1 &863809872
GameObject:
  m_ObjectHideFlags: 0
  m_PrefabParentObject: {fileID: 177058, guid: 12cf1107c922a4c419a8d26b692888b6, type: 2}
  m_PrefabInternal: {fileID: 174085685}
  serializedVersion: 5
  m_Component:
  - component: {fileID: 863809873}
  - component: {fileID: 863809877}
  - component: {fileID: 863809876}
  - component: {fileID: 863809875}
  - component: {fileID: 863809874}
  m_Layer: 5
  m_Name: Core Game
  m_TagString: Untagged
  m_Icon: {fileID: 0}
  m_NavMeshLayer: 0
  m_StaticEditorFlags: 0
  m_IsActive: 1
--- !u!224 &863809873
RectTransform:
  m_ObjectHideFlags: 0
  m_PrefabParentObject: {fileID: 22477058, guid: 12cf1107c922a4c419a8d26b692888b6,
    type: 2}
  m_PrefabInternal: {fileID: 174085685}
  m_GameObject: {fileID: 863809872}
  m_LocalRotation: {x: 0, y: 0, z: 0, w: 1}
  m_LocalPosition: {x: 0, y: 0, z: 0}
  m_LocalScale: {x: 1, y: 1, z: 1}
  m_Children: []
  m_Father: {fileID: 341767236}
  m_RootOrder: 1
  m_LocalEulerAnglesHint: {x: 0, y: 0, z: 0}
  m_AnchorMin: {x: 0.5, y: 0.5}
  m_AnchorMax: {x: 0.5, y: 0.5}
  m_AnchoredPosition: {x: 0, y: 0}
  m_SizeDelta: {x: 1200, y: 675}
  m_Pivot: {x: 0.5, y: 0.5}
--- !u!61 &863809874
BoxCollider2D:
  m_ObjectHideFlags: 0
  m_PrefabParentObject: {fileID: 6168940, guid: 12cf1107c922a4c419a8d26b692888b6,
    type: 2}
  m_PrefabInternal: {fileID: 174085685}
  m_GameObject: {fileID: 863809872}
  m_Enabled: 1
  m_Density: 1
  m_Material: {fileID: 0}
  m_IsTrigger: 0
  m_UsedByEffector: 0
  m_Offset: {x: 0, y: 0}
  serializedVersion: 2
  m_Size: {x: 1200, y: 675}
--- !u!114 &863809875
MonoBehaviour:
  m_ObjectHideFlags: 0
  m_PrefabParentObject: {fileID: 11405654, guid: 12cf1107c922a4c419a8d26b692888b6,
    type: 2}
  m_PrefabInternal: {fileID: 174085685}
  m_GameObject: {fileID: 863809872}
  m_Enabled: 1
  m_EditorHideFlags: 0
  m_Script: {fileID: 11500000, guid: 0da0fdb0fb0c9be4a9a4f5a89589b6e2, type: 3}
  m_Name: 
  m_EditorClassIdentifier: 
--- !u!114 &863809876
MonoBehaviour:
  m_ObjectHideFlags: 0
  m_PrefabParentObject: {fileID: 11477058, guid: 12cf1107c922a4c419a8d26b692888b6,
    type: 2}
  m_PrefabInternal: {fileID: 174085685}
  m_GameObject: {fileID: 863809872}
  m_Enabled: 1
  m_EditorHideFlags: 0
  m_Script: {fileID: -765806418, guid: f5f67c52d1564df4a8936ccd202a3bd8, type: 3}
  m_Name: 
  m_EditorClassIdentifier: 
  m_Material: {fileID: 0}
  m_Color: {r: 1, g: 1, b: 1, a: 0.392}
  m_RaycastTarget: 1
  m_OnCullStateChanged:
    m_PersistentCalls:
      m_Calls: []
    m_TypeName: UnityEngine.UI.MaskableGraphic+CullStateChangedEvent, UnityEngine.UI,
      Version=1.0.0.0, Culture=neutral, PublicKeyToken=null
  m_Sprite: {fileID: 10907, guid: 0000000000000000f000000000000000, type: 0}
  m_Type: 1
  m_PreserveAspect: 0
  m_FillCenter: 1
  m_FillMethod: 4
  m_FillAmount: 1
  m_FillClockwise: 1
  m_FillOrigin: 0
--- !u!222 &863809877
CanvasRenderer:
  m_ObjectHideFlags: 0
  m_PrefabParentObject: {fileID: 22277058, guid: 12cf1107c922a4c419a8d26b692888b6,
    type: 2}
  m_PrefabInternal: {fileID: 174085685}
  m_GameObject: {fileID: 863809872}
--- !u!1 &864497979
GameObject:
  m_ObjectHideFlags: 0
  m_PrefabParentObject: {fileID: 177892, guid: 12cf1107c922a4c419a8d26b692888b6, type: 2}
  m_PrefabInternal: {fileID: 174085685}
  serializedVersion: 5
  m_Component:
  - component: {fileID: 864497980}
  - component: {fileID: 864497983}
  - component: {fileID: 864497982}
  - component: {fileID: 864497981}
  m_Layer: 5
  m_Name: EventSystem
  m_TagString: Untagged
  m_Icon: {fileID: 0}
  m_NavMeshLayer: 0
  m_StaticEditorFlags: 0
  m_IsActive: 1
--- !u!4 &864497980
Transform:
  m_ObjectHideFlags: 0
  m_PrefabParentObject: {fileID: 477892, guid: 12cf1107c922a4c419a8d26b692888b6, type: 2}
  m_PrefabInternal: {fileID: 174085685}
  m_GameObject: {fileID: 864497979}
  m_LocalRotation: {x: 0, y: 0, z: 0, w: 1}
  m_LocalPosition: {x: 0, y: 0, z: 0}
  m_LocalScale: {x: 1, y: 1, z: 1}
  m_Children: []
  m_Father: {fileID: 341767236}
  m_RootOrder: 5
  m_LocalEulerAnglesHint: {x: 0, y: 0, z: 0}
--- !u!114 &864497981
MonoBehaviour:
  m_ObjectHideFlags: 0
  m_PrefabParentObject: {fileID: 11477892, guid: 12cf1107c922a4c419a8d26b692888b6,
    type: 2}
  m_PrefabInternal: {fileID: 174085685}
  m_GameObject: {fileID: 864497979}
  m_Enabled: 1
  m_EditorHideFlags: 0
  m_Script: {fileID: 1997211142, guid: f5f67c52d1564df4a8936ccd202a3bd8, type: 3}
  m_Name: 
  m_EditorClassIdentifier: 
  m_ForceModuleActive: 0
--- !u!114 &864497982
MonoBehaviour:
  m_ObjectHideFlags: 0
  m_PrefabParentObject: {fileID: 11477890, guid: 12cf1107c922a4c419a8d26b692888b6,
    type: 2}
  m_PrefabInternal: {fileID: 174085685}
  m_GameObject: {fileID: 864497979}
  m_Enabled: 1
  m_EditorHideFlags: 0
  m_Script: {fileID: 1077351063, guid: f5f67c52d1564df4a8936ccd202a3bd8, type: 3}
  m_Name: 
  m_EditorClassIdentifier: 
  m_HorizontalAxis: Horizontal
  m_VerticalAxis: Vertical
  m_SubmitButton: Submit
  m_CancelButton: Cancel
  m_InputActionsPerSecond: 10
  m_RepeatDelay: 0.5
  m_ForceModuleActive: 0
--- !u!114 &864497983
MonoBehaviour:
  m_ObjectHideFlags: 0
  m_PrefabParentObject: {fileID: 11477888, guid: 12cf1107c922a4c419a8d26b692888b6,
    type: 2}
  m_PrefabInternal: {fileID: 174085685}
  m_GameObject: {fileID: 864497979}
  m_Enabled: 1
  m_EditorHideFlags: 0
  m_Script: {fileID: -619905303, guid: f5f67c52d1564df4a8936ccd202a3bd8, type: 3}
  m_Name: 
  m_EditorClassIdentifier: 
  m_FirstSelected: {fileID: 0}
  m_sendNavigationEvents: 1
  m_DragThreshold: 5
--- !u!1 &880863953
GameObject:
  m_ObjectHideFlags: 0
  m_PrefabParentObject: {fileID: 143240, guid: d1fd8e8efa5fb2240acfbe430edce101, type: 2}
  m_PrefabInternal: {fileID: 0}
  serializedVersion: 5
  m_Component:
  - component: {fileID: 880863954}
  - component: {fileID: 880863957}
  - component: {fileID: 880863956}
  - component: {fileID: 880863955}
  m_Layer: 5
  m_Name: ScreenSpace GUI
  m_TagString: Untagged
  m_Icon: {fileID: 0}
  m_NavMeshLayer: 0
  m_StaticEditorFlags: 0
  m_IsActive: 1
--- !u!224 &880863954
RectTransform:
  m_ObjectHideFlags: 0
  m_PrefabParentObject: {fileID: 22443240, guid: d1fd8e8efa5fb2240acfbe430edce101,
    type: 2}
  m_PrefabInternal: {fileID: 0}
  m_GameObject: {fileID: 880863953}
  m_LocalRotation: {x: 0, y: 0, z: 0, w: 1}
  m_LocalPosition: {x: 0, y: 0, z: 0}
  m_LocalScale: {x: 0, y: 0, z: 0}
  m_Children: []
  m_Father: {fileID: 0}
  m_RootOrder: 4
  m_LocalEulerAnglesHint: {x: 0, y: 0, z: 0}
  m_AnchorMin: {x: 0, y: 0}
  m_AnchorMax: {x: 0, y: 0}
  m_AnchoredPosition: {x: 0, y: 0}
  m_SizeDelta: {x: 0, y: 0}
  m_Pivot: {x: 0, y: 0}
--- !u!114 &880863955
MonoBehaviour:
  m_ObjectHideFlags: 0
  m_PrefabParentObject: {fileID: 11443244, guid: d1fd8e8efa5fb2240acfbe430edce101,
    type: 2}
  m_PrefabInternal: {fileID: 0}
  m_GameObject: {fileID: 880863953}
  m_Enabled: 1
  m_EditorHideFlags: 0
  m_Script: {fileID: 1301386320, guid: f5f67c52d1564df4a8936ccd202a3bd8, type: 3}
  m_Name: 
  m_EditorClassIdentifier: 
  m_IgnoreReversedGraphics: 1
  m_BlockingObjects: 0
  m_BlockingMask:
    serializedVersion: 2
    m_Bits: 4294967295
--- !u!114 &880863956
MonoBehaviour:
  m_ObjectHideFlags: 0
  m_PrefabParentObject: {fileID: 11443242, guid: d1fd8e8efa5fb2240acfbe430edce101,
    type: 2}
  m_PrefabInternal: {fileID: 0}
  m_GameObject: {fileID: 880863953}
  m_Enabled: 1
  m_EditorHideFlags: 0
  m_Script: {fileID: 1980459831, guid: f5f67c52d1564df4a8936ccd202a3bd8, type: 3}
  m_Name: 
  m_EditorClassIdentifier: 
  m_UiScaleMode: 0
  m_ReferencePixelsPerUnit: 100
  m_ScaleFactor: 1
  m_ReferenceResolution: {x: 800, y: 600}
  m_ScreenMatchMode: 0
  m_MatchWidthOrHeight: 0
  m_PhysicalUnit: 3
  m_FallbackScreenDPI: 96
  m_DefaultSpriteDPI: 96
  m_DynamicPixelsPerUnit: 1
--- !u!223 &880863957
Canvas:
  m_ObjectHideFlags: 0
  m_PrefabParentObject: {fileID: 22343246, guid: d1fd8e8efa5fb2240acfbe430edce101,
    type: 2}
  m_PrefabInternal: {fileID: 0}
  m_GameObject: {fileID: 880863953}
  m_Enabled: 1
  serializedVersion: 2
  m_RenderMode: 0
  m_Camera: {fileID: 0}
  m_PlaneDistance: 100
  m_PixelPerfect: 0
  m_ReceivesEvents: 1
  m_OverrideSorting: 0
  m_OverridePixelPerfect: 0
  m_SortingBucketNormalizedSize: 0
  m_SortingLayerID: 0
  m_SortingOrder: 0
  m_TargetDisplay: 0
--- !u!1 &897415349
GameObject:
  m_ObjectHideFlags: 0
  m_PrefabParentObject: {fileID: 177886, guid: 12cf1107c922a4c419a8d26b692888b6, type: 2}
  m_PrefabInternal: {fileID: 174085685}
  serializedVersion: 5
  m_Component:
  - component: {fileID: 897415350}
  - component: {fileID: 897415355}
  - component: {fileID: 897415354}
  - component: {fileID: 897415353}
  - component: {fileID: 897415352}
  - component: {fileID: 897415351}
  m_Layer: 5
  m_Name: UnitSelector
  m_TagString: Untagged
  m_Icon: {fileID: 0}
  m_NavMeshLayer: 0
  m_StaticEditorFlags: 0
  m_IsActive: 1
--- !u!224 &897415350
RectTransform:
  m_ObjectHideFlags: 0
  m_PrefabParentObject: {fileID: 22477888, guid: 12cf1107c922a4c419a8d26b692888b6,
    type: 2}
  m_PrefabInternal: {fileID: 174085685}
  m_GameObject: {fileID: 897415349}
  m_LocalRotation: {x: 0, y: 0, z: 0, w: 1}
  m_LocalPosition: {x: 0, y: 0, z: 0}
  m_LocalScale: {x: 1, y: 1, z: 1}
  m_Children: []
  m_Father: {fileID: 1869526905}
  m_RootOrder: 0
  m_LocalEulerAnglesHint: {x: 0, y: 0, z: 0}
  m_AnchorMin: {x: 0, y: 0.5}
  m_AnchorMax: {x: 0, y: 0.5}
  m_AnchoredPosition: {x: 5, y: 0}
  m_SizeDelta: {x: 100, y: 100}
  m_Pivot: {x: -0.000000007450581, y: 0.5000001}
--- !u!61 &897415351
BoxCollider2D:
  m_ObjectHideFlags: 0
  m_PrefabParentObject: {fileID: 6177884, guid: 12cf1107c922a4c419a8d26b692888b6,
    type: 2}
  m_PrefabInternal: {fileID: 174085685}
  m_GameObject: {fileID: 897415349}
  m_Enabled: 1
  m_Density: 1
  m_Material: {fileID: 0}
  m_IsTrigger: 0
  m_UsedByEffector: 0
  m_Offset: {x: 50, y: 0}
  serializedVersion: 2
  m_Size: {x: 100, y: 100}
--- !u!114 &897415352
MonoBehaviour:
  m_ObjectHideFlags: 0
  m_PrefabParentObject: {fileID: 11477878, guid: 12cf1107c922a4c419a8d26b692888b6,
    type: 2}
  m_PrefabInternal: {fileID: 174085685}
  m_GameObject: {fileID: 897415349}
  m_Enabled: 1
  m_EditorHideFlags: 0
  m_Script: {fileID: 11500000, guid: ebbc048cf8a28a148821686ec4070ff7, type: 3}
  m_Name: 
  m_EditorClassIdentifier: 
  deselectedColor: {r: 0, g: 0, b: 0, a: 0.627451}
  insufficientFundsColor: {r: 1, g: 0, b: 0, a: 1}
--- !u!212 &897415353
SpriteRenderer:
  m_ObjectHideFlags: 0
  m_PrefabParentObject: {fileID: 21277892, guid: 12cf1107c922a4c419a8d26b692888b6,
    type: 2}
  m_PrefabInternal: {fileID: 174085685}
  m_GameObject: {fileID: 897415349}
  m_Enabled: 1
  m_CastShadows: 0
  m_ReceiveShadows: 0
  m_MotionVectors: 1
  m_LightProbeUsage: 0
  m_ReflectionProbeUsage: 0
  m_Materials:
  - {fileID: 10754, guid: 0000000000000000f000000000000000, type: 0}
  m_StaticBatchInfo:
    firstSubMesh: 0
    subMeshCount: 0
  m_StaticBatchRoot: {fileID: 0}
  m_ProbeAnchor: {fileID: 0}
  m_LightProbeVolumeOverride: {fileID: 0}
  m_ScaleInLightmap: 1
  m_PreserveUVs: 0
  m_IgnoreNormalsForChartDetection: 0
  m_ImportantGI: 0
  m_SelectedEditorRenderState: 0
  m_MinimumChartSize: 4
  m_AutoUVMaxDistance: 0.5
  m_AutoUVMaxAngle: 89
  m_LightmapParameters: {fileID: 0}
  m_SortingLayerID: 0
  m_SortingOrder: 0
  m_Sprite: {fileID: 0}
  m_Color: {r: 1, g: 1, b: 1, a: 1}
  m_FlipX: 0
  m_FlipY: 0
--- !u!114 &897415354
MonoBehaviour:
  m_ObjectHideFlags: 0
  m_PrefabParentObject: {fileID: 11477870, guid: 12cf1107c922a4c419a8d26b692888b6,
    type: 2}
  m_PrefabInternal: {fileID: 174085685}
  m_GameObject: {fileID: 897415349}
  m_Enabled: 1
  m_EditorHideFlags: 0
  m_Script: {fileID: -765806418, guid: f5f67c52d1564df4a8936ccd202a3bd8, type: 3}
  m_Name: 
  m_EditorClassIdentifier: 
  m_Material: {fileID: 0}
  m_Color: {r: 1, g: 1, b: 1, a: 1}
  m_RaycastTarget: 1
  m_OnCullStateChanged:
    m_PersistentCalls:
      m_Calls: []
    m_TypeName: UnityEngine.UI.MaskableGraphic+CullStateChangedEvent, UnityEngine.UI,
      Version=1.0.0.0, Culture=neutral, PublicKeyToken=null
  m_Sprite: {fileID: 21300000, guid: 98f866b649e0ce34aba15c983afed0ab, type: 3}
  m_Type: 1
  m_PreserveAspect: 0
  m_FillCenter: 1
  m_FillMethod: 4
  m_FillAmount: 1
  m_FillClockwise: 1
  m_FillOrigin: 0
--- !u!222 &897415355
CanvasRenderer:
  m_ObjectHideFlags: 0
  m_PrefabParentObject: {fileID: 22277888, guid: 12cf1107c922a4c419a8d26b692888b6,
    type: 2}
  m_PrefabInternal: {fileID: 174085685}
  m_GameObject: {fileID: 897415349}
--- !u!1 &984998685
GameObject:
  m_ObjectHideFlags: 0
  m_PrefabParentObject: {fileID: 122990, guid: 12cf1107c922a4c419a8d26b692888b6, type: 2}
  m_PrefabInternal: {fileID: 174085685}
  serializedVersion: 5
  m_Component:
  - component: {fileID: 984998686}
  - component: {fileID: 984998688}
  - component: {fileID: 984998687}
  - component: {fileID: 984998689}
  m_Layer: 5
  m_Name: StarsText
  m_TagString: Untagged
  m_Icon: {fileID: 0}
  m_NavMeshLayer: 0
  m_StaticEditorFlags: 0
  m_IsActive: 1
--- !u!224 &984998686
RectTransform:
  m_ObjectHideFlags: 0
  m_PrefabParentObject: {fileID: 22422990, guid: 12cf1107c922a4c419a8d26b692888b6,
    type: 2}
  m_PrefabInternal: {fileID: 174085685}
  m_GameObject: {fileID: 984998685}
  m_LocalRotation: {x: 0, y: 0, z: 0, w: 1}
  m_LocalPosition: {x: 0, y: 0, z: 0}
  m_LocalScale: {x: 1, y: 1, z: 1}
  m_Children: []
  m_Father: {fileID: 357743449}
  m_RootOrder: 1
  m_LocalEulerAnglesHint: {x: 0, y: 0, z: 0}
  m_AnchorMin: {x: 1, y: 0.5}
  m_AnchorMax: {x: 1, y: 0.5}
  m_AnchoredPosition: {x: -63.8, y: -6.25}
  m_SizeDelta: {x: 114.2, y: 100}
  m_Pivot: {x: 0.5, y: 0.5}
--- !u!114 &984998687
MonoBehaviour:
  m_ObjectHideFlags: 0
  m_PrefabParentObject: {fileID: 11422990, guid: 12cf1107c922a4c419a8d26b692888b6,
    type: 2}
  m_PrefabInternal: {fileID: 174085685}
  m_GameObject: {fileID: 984998685}
  m_Enabled: 1
  m_EditorHideFlags: 0
  m_Script: {fileID: 708705254, guid: f5f67c52d1564df4a8936ccd202a3bd8, type: 3}
  m_Name: 
  m_EditorClassIdentifier: 
  m_Material: {fileID: 0}
  m_Color: {r: 0.19607843, g: 0.19607843, b: 0.19607843, a: 1}
  m_RaycastTarget: 1
  m_OnCullStateChanged:
    m_PersistentCalls:
      m_Calls: []
    m_TypeName: UnityEngine.UI.MaskableGraphic+CullStateChangedEvent, UnityEngine.UI,
      Version=1.0.0.0, Culture=neutral, PublicKeyToken=null
  m_FontData:
    m_Font: {fileID: 12800000, guid: ac7cd1062b81c9047888c80d2bb8f245, type: 3}
    m_FontSize: 38
    m_FontStyle: 0
    m_BestFit: 0
    m_MinSize: 10
    m_MaxSize: 40
    m_Alignment: 4
    m_AlignByGeometry: 0
    m_RichText: 1
    m_HorizontalOverflow: 0
    m_VerticalOverflow: 0
    m_LineSpacing: 1
  m_Text: 0000
--- !u!222 &984998688
CanvasRenderer:
  m_ObjectHideFlags: 0
  m_PrefabParentObject: {fileID: 22222990, guid: 12cf1107c922a4c419a8d26b692888b6,
    type: 2}
  m_PrefabInternal: {fileID: 174085685}
  m_GameObject: {fileID: 984998685}
--- !u!114 &984998689
MonoBehaviour:
  m_ObjectHideFlags: 0
  m_PrefabParentObject: {fileID: 11425844, guid: 12cf1107c922a4c419a8d26b692888b6,
    type: 2}
  m_PrefabInternal: {fileID: 174085685}
  m_GameObject: {fileID: 984998685}
  m_Enabled: 1
  m_EditorHideFlags: 0
  m_Script: {fileID: 11500000, guid: 349d5236cb34e8c4ab1abdbd335ca738, type: 3}
  m_Name: 
  m_EditorClassIdentifier: 
--- !u!1 &985470824
GameObject:
  m_ObjectHideFlags: 0
  m_PrefabParentObject: {fileID: 118898, guid: fe0e8e8f91cab3547a00e6c0dbd4c534, type: 2}
  m_PrefabInternal: {fileID: 291456144}
  serializedVersion: 5
  m_Component:
  - component: {fileID: 985470826}
  - component: {fileID: 985470825}
  m_Layer: 0
  m_Name: Level Manager
  m_TagString: Untagged
  m_Icon: {fileID: 0}
  m_NavMeshLayer: 0
  m_StaticEditorFlags: 0
  m_IsActive: 1
--- !u!114 &985470825
MonoBehaviour:
  m_ObjectHideFlags: 0
  m_PrefabParentObject: {fileID: 11418898, guid: fe0e8e8f91cab3547a00e6c0dbd4c534,
    type: 2}
  m_PrefabInternal: {fileID: 291456144}
  m_GameObject: {fileID: 985470824}
  m_Enabled: 1
  m_EditorHideFlags: 0
  m_Script: {fileID: 11500000, guid: e625164097cb4284983d82310fe33688, type: 3}
  m_Name: 
  m_EditorClassIdentifier: 
  autoLoadNext: 0
  autoLoadDelay: 0
--- !u!4 &985470826
Transform:
  m_ObjectHideFlags: 0
  m_PrefabParentObject: {fileID: 418898, guid: fe0e8e8f91cab3547a00e6c0dbd4c534, type: 2}
  m_PrefabInternal: {fileID: 291456144}
  m_GameObject: {fileID: 985470824}
  m_LocalRotation: {x: 0, y: 0, z: 0, w: 1}
  m_LocalPosition: {x: 0, y: 0, z: 0}
  m_LocalScale: {x: 1, y: 1, z: 1}
  m_Children: []
  m_Father: {fileID: 0}
  m_RootOrder: 1
  m_LocalEulerAnglesHint: {x: 0, y: 0, z: 0}
--- !u!1001 &1267267170
Prefab:
  m_ObjectHideFlags: 0
  serializedVersion: 2
  m_Modification:
    m_TransformParent: {fileID: 0}
    m_Modifications:
    - target: {fileID: 470186, guid: c0ac23cba08d4fb4aaa3d941dbbde45c, type: 2}
      propertyPath: m_LocalPosition.x
      value: 5
      objectReference: {fileID: 0}
    - target: {fileID: 470186, guid: c0ac23cba08d4fb4aaa3d941dbbde45c, type: 2}
      propertyPath: m_LocalPosition.y
      value: 3
      objectReference: {fileID: 0}
    - target: {fileID: 470186, guid: c0ac23cba08d4fb4aaa3d941dbbde45c, type: 2}
      propertyPath: m_LocalPosition.z
      value: -10
      objectReference: {fileID: 0}
    - target: {fileID: 470186, guid: c0ac23cba08d4fb4aaa3d941dbbde45c, type: 2}
      propertyPath: m_LocalRotation.x
      value: 0
      objectReference: {fileID: 0}
    - target: {fileID: 470186, guid: c0ac23cba08d4fb4aaa3d941dbbde45c, type: 2}
      propertyPath: m_LocalRotation.y
      value: 0
      objectReference: {fileID: 0}
    - target: {fileID: 470186, guid: c0ac23cba08d4fb4aaa3d941dbbde45c, type: 2}
      propertyPath: m_LocalRotation.z
      value: 0
      objectReference: {fileID: 0}
    - target: {fileID: 470186, guid: c0ac23cba08d4fb4aaa3d941dbbde45c, type: 2}
      propertyPath: m_LocalRotation.w
      value: 1
      objectReference: {fileID: 0}
    - target: {fileID: 470186, guid: c0ac23cba08d4fb4aaa3d941dbbde45c, type: 2}
      propertyPath: m_RootOrder
      value: 0
      objectReference: {fileID: 0}
    m_RemovedComponents: []
  m_ParentPrefab: {fileID: 100100000, guid: c0ac23cba08d4fb4aaa3d941dbbde45c, type: 2}
  m_RootGameObject: {fileID: 1728697403}
  m_IsPrefabParent: 0
--- !u!1 &1434249535
GameObject:
  m_ObjectHideFlags: 0
  m_PrefabParentObject: {fileID: 155824, guid: 12cf1107c922a4c419a8d26b692888b6, type: 2}
  m_PrefabInternal: {fileID: 174085685}
  serializedVersion: 5
  m_Component:
  - component: {fileID: 1434249536}
  - component: {fileID: 1434249538}
  - component: {fileID: 1434249537}
  m_Layer: 5
  m_Name: Handle
  m_TagString: Untagged
  m_Icon: {fileID: 0}
  m_NavMeshLayer: 0
  m_StaticEditorFlags: 0
  m_IsActive: 1
--- !u!224 &1434249536
RectTransform:
  m_ObjectHideFlags: 0
  m_PrefabParentObject: {fileID: 22455824, guid: 12cf1107c922a4c419a8d26b692888b6,
    type: 2}
  m_PrefabInternal: {fileID: 174085685}
  m_GameObject: {fileID: 1434249535}
  m_LocalRotation: {x: 0, y: 0, z: 0, w: 1}
  m_LocalPosition: {x: 0, y: 0, z: 0}
  m_LocalScale: {x: 1, y: 1, z: 1}
  m_Children: []
  m_Father: {fileID: 455943038}
  m_RootOrder: 0
  m_LocalEulerAnglesHint: {x: 0, y: 0, z: 0}
  m_AnchorMin: {x: 0, y: 0}
  m_AnchorMax: {x: 0, y: 0}
  m_AnchoredPosition: {x: 0, y: 0}
  m_SizeDelta: {x: 20, y: 0}
  m_Pivot: {x: 0.5, y: 0.5}
--- !u!114 &1434249537
MonoBehaviour:
  m_ObjectHideFlags: 0
  m_PrefabParentObject: {fileID: 11455826, guid: 12cf1107c922a4c419a8d26b692888b6,
    type: 2}
  m_PrefabInternal: {fileID: 174085685}
  m_GameObject: {fileID: 1434249535}
  m_Enabled: 0
  m_EditorHideFlags: 0
  m_Script: {fileID: -765806418, guid: f5f67c52d1564df4a8936ccd202a3bd8, type: 3}
  m_Name: 
  m_EditorClassIdentifier: 
  m_Material: {fileID: 0}
  m_Color: {r: 1, g: 1, b: 1, a: 1}
  m_RaycastTarget: 1
  m_OnCullStateChanged:
    m_PersistentCalls:
      m_Calls: []
    m_TypeName: UnityEngine.UI.MaskableGraphic+CullStateChangedEvent, UnityEngine.UI,
      Version=1.0.0.0, Culture=neutral, PublicKeyToken=null
  m_Sprite: {fileID: 10913, guid: 0000000000000000f000000000000000, type: 0}
  m_Type: 0
  m_PreserveAspect: 0
  m_FillCenter: 1
  m_FillMethod: 4
  m_FillAmount: 1
  m_FillClockwise: 1
  m_FillOrigin: 0
--- !u!222 &1434249538
CanvasRenderer:
  m_ObjectHideFlags: 0
  m_PrefabParentObject: {fileID: 22255824, guid: 12cf1107c922a4c419a8d26b692888b6,
    type: 2}
  m_PrefabInternal: {fileID: 174085685}
  m_GameObject: {fileID: 1434249535}
--- !u!1 &1613082457
GameObject:
  m_ObjectHideFlags: 0
  m_PrefabParentObject: {fileID: 155836, guid: 12cf1107c922a4c419a8d26b692888b6, type: 2}
  m_PrefabInternal: {fileID: 174085685}
  serializedVersion: 5
  m_Component:
  - component: {fileID: 1613082458}
  - component: {fileID: 1613082460}
  - component: {fileID: 1613082459}
  m_Layer: 5
  m_Name: LevelProgress
  m_TagString: Untagged
  m_Icon: {fileID: 0}
  m_NavMeshLayer: 0
  m_StaticEditorFlags: 0
  m_IsActive: 1
--- !u!224 &1613082458
RectTransform:
  m_ObjectHideFlags: 0
  m_PrefabParentObject: {fileID: 22455836, guid: 12cf1107c922a4c419a8d26b692888b6,
    type: 2}
  m_PrefabInternal: {fileID: 174085685}
  m_GameObject: {fileID: 1613082457}
  m_LocalRotation: {x: 0, y: 0, z: 0, w: 1}
  m_LocalPosition: {x: 0, y: 0, z: 0}
  m_LocalScale: {x: 1, y: 1, z: 1}
  m_Children:
  - {fileID: 1988082759}
  - {fileID: 1789655290}
  m_Father: {fileID: 341767236}
  m_RootOrder: 3
  m_LocalEulerAnglesHint: {x: 0, y: 0, z: 0}
  m_AnchorMin: {x: 0.5, y: 0.5}
  m_AnchorMax: {x: 0.5, y: 0.5}
  m_AnchoredPosition: {x: 382.5, y: 394}
  m_SizeDelta: {x: 435, y: 112}
  m_Pivot: {x: 0.5, y: 0.5}
--- !u!114 &1613082459
MonoBehaviour:
  m_ObjectHideFlags: 0
  m_PrefabParentObject: {fileID: 11455832, guid: 12cf1107c922a4c419a8d26b692888b6,
    type: 2}
  m_PrefabInternal: {fileID: 174085685}
  m_GameObject: {fileID: 1613082457}
  m_Enabled: 1
  m_EditorHideFlags: 0
  m_Script: {fileID: -765806418, guid: f5f67c52d1564df4a8936ccd202a3bd8, type: 3}
  m_Name: 
  m_EditorClassIdentifier: 
  m_Material: {fileID: 0}
  m_Color: {r: 1, g: 1, b: 1, a: 1}
  m_RaycastTarget: 1
  m_OnCullStateChanged:
    m_PersistentCalls:
      m_Calls: []
    m_TypeName: UnityEngine.UI.MaskableGraphic+CullStateChangedEvent, UnityEngine.UI,
      Version=1.0.0.0, Culture=neutral, PublicKeyToken=null
  m_Sprite: {fileID: 21300000, guid: f61880d5a04b5ef4ca00437bf6edfaeb, type: 3}
  m_Type: 1
  m_PreserveAspect: 0
  m_FillCenter: 1
  m_FillMethod: 4
  m_FillAmount: 1
  m_FillClockwise: 1
  m_FillOrigin: 0
--- !u!222 &1613082460
CanvasRenderer:
  m_ObjectHideFlags: 0
  m_PrefabParentObject: {fileID: 22255830, guid: 12cf1107c922a4c419a8d26b692888b6,
    type: 2}
  m_PrefabInternal: {fileID: 174085685}
  m_GameObject: {fileID: 1613082457}
--- !u!1 &1619480418
GameObject:
  m_ObjectHideFlags: 0
  m_PrefabParentObject: {fileID: 125242, guid: 6f815f1f2d6da864caa6a838143e7e34, type: 2}
  m_PrefabInternal: {fileID: 2040106810}
  serializedVersion: 5
  m_Component:
  - component: {fileID: 1619480419}
  - component: {fileID: 1619480420}
  m_Layer: 0
  m_Name: Attacker Spawn
  m_TagString: Untagged
  m_Icon: {fileID: 0}
  m_NavMeshLayer: 0
  m_StaticEditorFlags: 0
  m_IsActive: 1
--- !u!4 &1619480419
Transform:
  m_ObjectHideFlags: 0
  m_PrefabParentObject: {fileID: 425242, guid: 6f815f1f2d6da864caa6a838143e7e34, type: 2}
  m_PrefabInternal: {fileID: 2040106810}
  m_GameObject: {fileID: 1619480418}
  m_LocalRotation: {x: 0, y: 0, z: 0, w: 1}
  m_LocalPosition: {x: 13, y: 4, z: 0}
  m_LocalScale: {x: 1, y: 1, z: 1}
  m_Children: []
  m_Father: {fileID: 788478621}
  m_RootOrder: 1
  m_LocalEulerAnglesHint: {x: 0, y: 0, z: 0}
--- !u!114 &1619480420
MonoBehaviour:
  m_ObjectHideFlags: 0
  m_PrefabParentObject: {fileID: 11425244, guid: 6f815f1f2d6da864caa6a838143e7e34,
    type: 2}
  m_PrefabInternal: {fileID: 2040106810}
  m_GameObject: {fileID: 1619480418}
  m_Enabled: 1
  m_EditorHideFlags: 0
  m_Script: {fileID: 11500000, guid: 6f052712885ae62428a51872ba9d8d9e, type: 3}
  m_Name: 
  m_EditorClassIdentifier: 
  possibleAttackers:
  - {fileID: 164342, guid: 3dab941f5e9b27d4fb61b51c6086511a, type: 2}
  - {fileID: 189130, guid: 5bacd09a853b22443b405f6be6beaee7, type: 2}
--- !u!1 &1631972983
GameObject:
  m_ObjectHideFlags: 0
  m_PrefabParentObject: {fileID: 125238, guid: 6f815f1f2d6da864caa6a838143e7e34, type: 2}
  m_PrefabInternal: {fileID: 2040106810}
  serializedVersion: 5
  m_Component:
  - component: {fileID: 1631972984}
  - component: {fileID: 1631972985}
  m_Layer: 0
  m_Name: Attacker Spawn
  m_TagString: Untagged
  m_Icon: {fileID: 0}
  m_NavMeshLayer: 0
  m_StaticEditorFlags: 0
  m_IsActive: 1
--- !u!4 &1631972984
Transform:
  m_ObjectHideFlags: 0
  m_PrefabParentObject: {fileID: 425238, guid: 6f815f1f2d6da864caa6a838143e7e34, type: 2}
  m_PrefabInternal: {fileID: 2040106810}
  m_GameObject: {fileID: 1631972983}
  m_LocalRotation: {x: 0, y: 0, z: 0, w: 1}
  m_LocalPosition: {x: 13, y: 5, z: 0}
  m_LocalScale: {x: 1, y: 1, z: 1}
  m_Children: []
  m_Father: {fileID: 788478621}
  m_RootOrder: 0
  m_LocalEulerAnglesHint: {x: 0, y: 0, z: 0}
--- !u!114 &1631972985
MonoBehaviour:
  m_ObjectHideFlags: 0
  m_PrefabParentObject: {fileID: 11425240, guid: 6f815f1f2d6da864caa6a838143e7e34,
    type: 2}
  m_PrefabInternal: {fileID: 2040106810}
  m_GameObject: {fileID: 1631972983}
  m_Enabled: 1
  m_EditorHideFlags: 0
  m_Script: {fileID: 11500000, guid: 6f052712885ae62428a51872ba9d8d9e, type: 3}
  m_Name: 
  m_EditorClassIdentifier: 
  possibleAttackers:
  - {fileID: 164342, guid: 3dab941f5e9b27d4fb61b51c6086511a, type: 2}
  - {fileID: 189130, guid: 5bacd09a853b22443b405f6be6beaee7, type: 2}
--- !u!1 &1632449306
GameObject:
  m_ObjectHideFlags: 0
  m_PrefabParentObject: {fileID: 125240, guid: 6f815f1f2d6da864caa6a838143e7e34, type: 2}
  m_PrefabInternal: {fileID: 2040106810}
  serializedVersion: 5
  m_Component:
  - component: {fileID: 1632449308}
  - component: {fileID: 1632449307}
  m_Layer: 0
  m_Name: Attacker Spawn
  m_TagString: Untagged
  m_Icon: {fileID: 0}
  m_NavMeshLayer: 0
  m_StaticEditorFlags: 0
  m_IsActive: 1
--- !u!114 &1632449307
MonoBehaviour:
  m_ObjectHideFlags: 0
  m_PrefabParentObject: {fileID: 11425242, guid: 6f815f1f2d6da864caa6a838143e7e34,
    type: 2}
  m_PrefabInternal: {fileID: 2040106810}
  m_GameObject: {fileID: 1632449306}
  m_Enabled: 1
  m_EditorHideFlags: 0
  m_Script: {fileID: 11500000, guid: 6f052712885ae62428a51872ba9d8d9e, type: 3}
  m_Name: 
  m_EditorClassIdentifier: 
  possibleAttackers:
  - {fileID: 164342, guid: 3dab941f5e9b27d4fb61b51c6086511a, type: 2}
  - {fileID: 189130, guid: 5bacd09a853b22443b405f6be6beaee7, type: 2}
--- !u!4 &1632449308
Transform:
  m_ObjectHideFlags: 0
  m_PrefabParentObject: {fileID: 425240, guid: 6f815f1f2d6da864caa6a838143e7e34, type: 2}
  m_PrefabInternal: {fileID: 2040106810}
  m_GameObject: {fileID: 1632449306}
  m_LocalRotation: {x: 0, y: 0, z: 0, w: 1}
  m_LocalPosition: {x: 13, y: 1, z: 0}
  m_LocalScale: {x: 1, y: 1, z: 1}
  m_Children: []
  m_Father: {fileID: 788478621}
  m_RootOrder: 4
  m_LocalEulerAnglesHint: {x: 0, y: 0, z: 0}
--- !u!1 &1728697403
GameObject:
  m_ObjectHideFlags: 0
  m_PrefabParentObject: {fileID: 170186, guid: c0ac23cba08d4fb4aaa3d941dbbde45c, type: 2}
  m_PrefabInternal: {fileID: 1267267170}
  serializedVersion: 5
  m_Component:
  - component: {fileID: 1728697409}
  - component: {fileID: 1728697408}
  - component: {fileID: 1728697407}
  - component: {fileID: 1728697406}
  - component: {fileID: 1728697405}
  - component: {fileID: 1728697404}
  - component: {fileID: 1728697410}
  m_Layer: 0
  m_Name: Game Camera
  m_TagString: MainCamera
  m_Icon: {fileID: 0}
  m_NavMeshLayer: 0
  m_StaticEditorFlags: 0
  m_IsActive: 1
--- !u!114 &1728697404
MonoBehaviour:
  m_ObjectHideFlags: 0
  m_PrefabParentObject: {fileID: 11470186, guid: c0ac23cba08d4fb4aaa3d941dbbde45c,
    type: 2}
  m_PrefabInternal: {fileID: 1267267170}
  m_GameObject: {fileID: 1728697403}
  m_Enabled: 1
  m_EditorHideFlags: 0
  m_Script: {fileID: 11500000, guid: 1b17da163664e734bbfbd25a70972df6, type: 3}
  m_Name: 
  m_EditorClassIdentifier: 
  display: 1
--- !u!81 &1728697405
AudioListener:
  m_ObjectHideFlags: 0
  m_PrefabParentObject: {fileID: 8170186, guid: c0ac23cba08d4fb4aaa3d941dbbde45c,
    type: 2}
  m_PrefabInternal: {fileID: 1267267170}
  m_GameObject: {fileID: 1728697403}
  m_Enabled: 1
--- !u!124 &1728697406
Behaviour:
  m_ObjectHideFlags: 0
  m_PrefabParentObject: {fileID: 12470186, guid: c0ac23cba08d4fb4aaa3d941dbbde45c,
    type: 2}
  m_PrefabInternal: {fileID: 1267267170}
  m_GameObject: {fileID: 1728697403}
  m_Enabled: 1
--- !u!92 &1728697407
Behaviour:
  m_ObjectHideFlags: 0
  m_PrefabParentObject: {fileID: 9270186, guid: c0ac23cba08d4fb4aaa3d941dbbde45c,
    type: 2}
  m_PrefabInternal: {fileID: 1267267170}
  m_GameObject: {fileID: 1728697403}
  m_Enabled: 1
--- !u!20 &1728697408
Camera:
  m_ObjectHideFlags: 0
  m_PrefabParentObject: {fileID: 2070186, guid: c0ac23cba08d4fb4aaa3d941dbbde45c,
    type: 2}
  m_PrefabInternal: {fileID: 1267267170}
  m_GameObject: {fileID: 1728697403}
  m_Enabled: 1
  serializedVersion: 2
  m_ClearFlags: 1
  m_BackGroundColor: {r: 0.19215687, g: 0.3019608, b: 0.4745098, a: 0.019607844}
  m_NormalizedViewPortRect:
    serializedVersion: 2
    x: 0
    y: 0
    width: 1
    height: 1
  near clip plane: 0.3
  far clip plane: 1000
  field of view: 60
  orthographic: 1
  orthographic size: 3.375
  m_Depth: -1
  m_CullingMask:
    serializedVersion: 2
    m_Bits: 4294967295
  m_RenderingPath: -1
  m_TargetTexture: {fileID: 0}
  m_TargetDisplay: 0
  m_TargetEye: 3
  m_HDR: 0
  m_OcclusionCulling: 1
  m_StereoConvergence: 10
  m_StereoSeparation: 0.022
  m_StereoMirrorMode: 0
--- !u!4 &1728697409
Transform:
  m_ObjectHideFlags: 0
  m_PrefabParentObject: {fileID: 470186, guid: c0ac23cba08d4fb4aaa3d941dbbde45c, type: 2}
  m_PrefabInternal: {fileID: 1267267170}
  m_GameObject: {fileID: 1728697403}
  m_LocalRotation: {x: 0, y: 0, z: 0, w: 1}
  m_LocalPosition: {x: 5, y: 3, z: -10}
  m_LocalScale: {x: 1, y: 1, z: 1}
  m_Children: []
  m_Father: {fileID: 0}
  m_RootOrder: 0
  m_LocalEulerAnglesHint: {x: 0, y: 0, z: 0}
--- !u!114 &1728697410
MonoBehaviour:
  m_ObjectHideFlags: 0
  m_PrefabParentObject: {fileID: 11496870, guid: c0ac23cba08d4fb4aaa3d941dbbde45c,
    type: 2}
  m_PrefabInternal: {fileID: 1267267170}
  m_GameObject: {fileID: 1728697403}
  m_Enabled: 1
  m_EditorHideFlags: 0
  m_Script: {fileID: 11500000, guid: b58a6f1c5b481e64887e500b8797eed0, type: 3}
  m_Name: 
  m_EditorClassIdentifier: 
  musicPrefab: {fileID: 167064, guid: 4978a8f774ed1e642bf6da13fcd27e0e, type: 2}
--- !u!1 &1789655289
GameObject:
  m_ObjectHideFlags: 0
  m_PrefabParentObject: {fileID: 155822, guid: 12cf1107c922a4c419a8d26b692888b6, type: 2}
  m_PrefabInternal: {fileID: 174085685}
  serializedVersion: 5
  m_Component:
  - component: {fileID: 1789655290}
  - component: {fileID: 1789655292}
  - component: {fileID: 1789655291}
  m_Layer: 5
  m_Name: ProgressText
  m_TagString: Untagged
  m_Icon: {fileID: 0}
  m_NavMeshLayer: 0
  m_StaticEditorFlags: 0
  m_IsActive: 1
--- !u!224 &1789655290
RectTransform:
  m_ObjectHideFlags: 0
  m_PrefabParentObject: {fileID: 22455822, guid: 12cf1107c922a4c419a8d26b692888b6,
    type: 2}
  m_PrefabInternal: {fileID: 174085685}
  m_GameObject: {fileID: 1789655289}
  m_LocalRotation: {x: 0, y: 0, z: 0, w: 1}
  m_LocalPosition: {x: 0, y: 0, z: 0}
  m_LocalScale: {x: 1, y: 1, z: 1}
  m_Children: []
  m_Father: {fileID: 1613082458}
  m_RootOrder: 1
  m_LocalEulerAnglesHint: {x: 0, y: 0, z: 0}
  m_AnchorMin: {x: 0.5, y: 0.5}
  m_AnchorMax: {x: 0.5, y: 0.5}
  m_AnchoredPosition: {x: 0, y: 20.49997}
  m_SizeDelta: {x: 300, y: 41}
  m_Pivot: {x: 0.5, y: 0.5}
--- !u!114 &1789655291
MonoBehaviour:
  m_ObjectHideFlags: 0
  m_PrefabParentObject: {fileID: 11455822, guid: 12cf1107c922a4c419a8d26b692888b6,
    type: 2}
  m_PrefabInternal: {fileID: 174085685}
  m_GameObject: {fileID: 1789655289}
  m_Enabled: 1
  m_EditorHideFlags: 0
  m_Script: {fileID: 708705254, guid: f5f67c52d1564df4a8936ccd202a3bd8, type: 3}
  m_Name: 
  m_EditorClassIdentifier: 
  m_Material: {fileID: 0}
  m_Color: {r: 0.19607843, g: 0.19607843, b: 0.19607843, a: 1}
  m_RaycastTarget: 1
  m_OnCullStateChanged:
    m_PersistentCalls:
      m_Calls: []
    m_TypeName: UnityEngine.UI.MaskableGraphic+CullStateChangedEvent, UnityEngine.UI,
      Version=1.0.0.0, Culture=neutral, PublicKeyToken=null
  m_FontData:
    m_Font: {fileID: 12800000, guid: ac7cd1062b81c9047888c80d2bb8f245, type: 3}
    m_FontSize: 14
    m_FontStyle: 0
    m_BestFit: 1
    m_MinSize: 10
    m_MaxSize: 40
    m_Alignment: 4
    m_AlignByGeometry: 0
    m_RichText: 1
    m_HorizontalOverflow: 0
    m_VerticalOverflow: 0
    m_LineSpacing: 1
  m_Text: Progress
--- !u!222 &1789655292
CanvasRenderer:
  m_ObjectHideFlags: 0
  m_PrefabParentObject: {fileID: 22255822, guid: 12cf1107c922a4c419a8d26b692888b6,
    type: 2}
  m_PrefabInternal: {fileID: 174085685}
  m_GameObject: {fileID: 1789655289}
--- !u!1 &1869526904
GameObject:
  m_ObjectHideFlags: 0
  m_PrefabParentObject: {fileID: 177884, guid: 12cf1107c922a4c419a8d26b692888b6, type: 2}
  m_PrefabInternal: {fileID: 174085685}
  serializedVersion: 5
  m_Component:
  - component: {fileID: 1869526905}
  - component: {fileID: 1869526908}
  - component: {fileID: 1869526907}
  - component: {fileID: 1869526906}
  m_Layer: 5
  m_Name: DefenderSelector
  m_TagString: Untagged
  m_Icon: {fileID: 0}
  m_NavMeshLayer: 0
  m_StaticEditorFlags: 0
  m_IsActive: 1
--- !u!224 &1869526905
RectTransform:
  m_ObjectHideFlags: 0
  m_PrefabParentObject: {fileID: 22477886, guid: 12cf1107c922a4c419a8d26b692888b6,
    type: 2}
  m_PrefabInternal: {fileID: 174085685}
  m_GameObject: {fileID: 1869526904}
  m_LocalRotation: {x: 0, y: 0, z: 0, w: 1}
  m_LocalPosition: {x: 0, y: 0, z: 0}
  m_LocalScale: {x: 1, y: 1, z: 1}
  m_Children:
  - {fileID: 897415350}
  - {fileID: 169486419}
  - {fileID: 807245079}
  - {fileID: 56669059}
  - {fileID: 819061042}
  m_Father: {fileID: 341767236}
  m_RootOrder: 4
  m_LocalEulerAnglesHint: {x: 0, y: 0, z: 0}
  m_AnchorMin: {x: 0.5, y: 1}
  m_AnchorMax: {x: 0.5, y: 1}
  m_AnchoredPosition: {x: -600, y: -1}
  m_SizeDelta: {x: 530, y: 110}
  m_Pivot: {x: 0.000000039115548, y: 0.99999994}
--- !u!114 &1869526906
MonoBehaviour:
  m_ObjectHideFlags: 0
  m_PrefabParentObject: {fileID: 11477876, guid: 12cf1107c922a4c419a8d26b692888b6,
    type: 2}
  m_PrefabInternal: {fileID: 174085685}
  m_GameObject: {fileID: 1869526904}
  m_Enabled: 1
  m_EditorHideFlags: 0
  m_Script: {fileID: 11500000, guid: 7357eeef9ae98324396091c870284283, type: 3}
  m_Name: 
  m_EditorClassIdentifier: 
  unitSelectorPrefab: {fileID: 184902, guid: 5cc2b0ccabeb54b4e8440c9aa8579be7, type: 2}
  usableDefenders:
  - defender: {fileID: 11442222, guid: 607b69a69a5621d41bd8aa501e6f5835, type: 2}
    sprite: {fileID: 21300000, guid: 65133ed4cbc87406bb84c3a98756d5ce, type: 3}
  - defender: {fileID: 11447488, guid: 64935d1d521b9274e84488a437d8610c, type: 2}
    sprite: {fileID: 21300000, guid: 5dfae84d5262548e7a59fa77c6545088, type: 3}
  - defender: {fileID: 11489016, guid: d41d9240b26330f40b300c25f1ebc8f1, type: 2}
    sprite: {fileID: 21300000, guid: 60a711bbe6fcc41ec8ce652f3c4304eb, type: 3}
  - defender: {fileID: 11460258, guid: 102138a8142c93f4a8eb3a3b7b249c1d, type: 2}
    sprite: {fileID: 21300000, guid: bb6cf1fcf9ebe48b8a36cc3da0ba6f2b, type: 3}
--- !u!114 &1869526907
MonoBehaviour:
  m_ObjectHideFlags: 0
  m_PrefabParentObject: {fileID: 11477868, guid: 12cf1107c922a4c419a8d26b692888b6,
    type: 2}
  m_PrefabInternal: {fileID: 174085685}
  m_GameObject: {fileID: 1869526904}
  m_Enabled: 1
  m_EditorHideFlags: 0
  m_Script: {fileID: -765806418, guid: f5f67c52d1564df4a8936ccd202a3bd8, type: 3}
  m_Name: 
  m_EditorClassIdentifier: 
  m_Material: {fileID: 0}
  m_Color: {r: 1, g: 1, b: 1, a: 1}
  m_RaycastTarget: 1
  m_OnCullStateChanged:
    m_PersistentCalls:
      m_Calls: []
    m_TypeName: UnityEngine.UI.MaskableGraphic+CullStateChangedEvent, UnityEngine.UI,
      Version=1.0.0.0, Culture=neutral, PublicKeyToken=null
  m_Sprite: {fileID: 21300000, guid: f61880d5a04b5ef4ca00437bf6edfaeb, type: 3}
  m_Type: 1
  m_PreserveAspect: 0
  m_FillCenter: 1
  m_FillMethod: 4
  m_FillAmount: 1
  m_FillClockwise: 1
  m_FillOrigin: 0
--- !u!222 &1869526908
CanvasRenderer:
  m_ObjectHideFlags: 0
  m_PrefabParentObject: {fileID: 22277886, guid: 12cf1107c922a4c419a8d26b692888b6,
    type: 2}
  m_PrefabInternal: {fileID: 174085685}
  m_GameObject: {fileID: 1869526904}
--- !u!1 &1936666830
GameObject:
  m_ObjectHideFlags: 0
  m_PrefabParentObject: {fileID: 113222, guid: 12cf1107c922a4c419a8d26b692888b6, type: 2}
  m_PrefabInternal: {fileID: 174085685}
  serializedVersion: 5
  m_Component:
  - component: {fileID: 1936666833}
  - component: {fileID: 1936666832}
  - component: {fileID: 1936666831}
  m_Layer: 5
  m_Name: PauseIcon
  m_TagString: Untagged
  m_Icon: {fileID: 0}
  m_NavMeshLayer: 0
  m_StaticEditorFlags: 0
  m_IsActive: 1
--- !u!114 &1936666831
MonoBehaviour:
  m_ObjectHideFlags: 0
  m_PrefabParentObject: {fileID: 11413220, guid: 12cf1107c922a4c419a8d26b692888b6,
    type: 2}
  m_PrefabInternal: {fileID: 174085685}
  m_GameObject: {fileID: 1936666830}
  m_Enabled: 1
  m_EditorHideFlags: 0
  m_Script: {fileID: -765806418, guid: f5f67c52d1564df4a8936ccd202a3bd8, type: 3}
  m_Name: 
  m_EditorClassIdentifier: 
  m_Material: {fileID: 0}
  m_Color: {r: 0.3897059, g: 0.2783748, b: 0.16333261, a: 0.7254902}
  m_RaycastTarget: 1
  m_OnCullStateChanged:
    m_PersistentCalls:
      m_Calls: []
    m_TypeName: UnityEngine.UI.MaskableGraphic+CullStateChangedEvent, UnityEngine.UI,
      Version=1.0.0.0, Culture=neutral, PublicKeyToken=null
  m_Sprite: {fileID: 21300000, guid: 270d1f089caab0e45880f0c1657e6670, type: 3}
  m_Type: 0
  m_PreserveAspect: 1
  m_FillCenter: 1
  m_FillMethod: 4
  m_FillAmount: 1
  m_FillClockwise: 1
  m_FillOrigin: 0
--- !u!222 &1936666832
CanvasRenderer:
  m_ObjectHideFlags: 0
  m_PrefabParentObject: {fileID: 22213222, guid: 12cf1107c922a4c419a8d26b692888b6,
    type: 2}
  m_PrefabInternal: {fileID: 174085685}
  m_GameObject: {fileID: 1936666830}
--- !u!224 &1936666833
RectTransform:
  m_ObjectHideFlags: 0
  m_PrefabParentObject: {fileID: 22413222, guid: 12cf1107c922a4c419a8d26b692888b6,
    type: 2}
  m_PrefabInternal: {fileID: 174085685}
  m_GameObject: {fileID: 1936666830}
  m_LocalRotation: {x: 0, y: 0, z: 0, w: 1}
  m_LocalPosition: {x: 0, y: 0, z: 0}
  m_LocalScale: {x: 0.7, y: 0.7, z: 0.7}
  m_Children: []
  m_Father: {fileID: 323708305}
  m_RootOrder: 0
  m_LocalEulerAnglesHint: {x: 0, y: 0, z: 0}
  m_AnchorMin: {x: 0.5, y: 0.5}
  m_AnchorMax: {x: 0.5, y: 0.5}
  m_AnchoredPosition: {x: 0, y: 4}
  m_SizeDelta: {x: 64, y: 64}
  m_Pivot: {x: 0.5, y: 0.5}
--- !u!1 &1940562033
GameObject:
  m_ObjectHideFlags: 0
  m_PrefabParentObject: {fileID: 190944, guid: c62dcc5e1c0d30848bdc2f16bd053e80, type: 2}
  m_PrefabInternal: {fileID: 579923548}
  serializedVersion: 5
  m_Component:
  - component: {fileID: 1940562035}
  - component: {fileID: 1940562034}
  m_Layer: 0
  m_Name: LevelController
  m_TagString: Untagged
  m_Icon: {fileID: 0}
  m_NavMeshLayer: 0
  m_StaticEditorFlags: 0
  m_IsActive: 1
--- !u!114 &1940562034
MonoBehaviour:
  m_ObjectHideFlags: 0
  m_PrefabParentObject: {fileID: 11490944, guid: c62dcc5e1c0d30848bdc2f16bd053e80,
    type: 2}
  m_PrefabInternal: {fileID: 579923548}
  m_GameObject: {fileID: 1940562033}
  m_Enabled: 1
  m_EditorHideFlags: 0
  m_Script: {fileID: 11500000, guid: 83d6bce7317cdaf4083f2325073e526a, type: 3}
  m_Name: 
  m_EditorClassIdentifier: 
  guiCanvas: {fileID: 143240, guid: d1fd8e8efa5fb2240acfbe430edce101, type: 2}
  endLevelDisplay: {fileID: 143822, guid: 221f269c015229f4b967f827145072c2, type: 2}
  levelParams:
  - attackersBeforeLose: 5
    startingStars: 20
    timeToWin: 20
  - attackersBeforeLose: 8
    startingStars: 30
    timeToWin: 20
  - attackersBeforeLose: 0
    startingStars: 0
    timeToWin: 300
--- !u!4 &1940562035
Transform:
  m_ObjectHideFlags: 0
  m_PrefabParentObject: {fileID: 490944, guid: c62dcc5e1c0d30848bdc2f16bd053e80, type: 2}
  m_PrefabInternal: {fileID: 579923548}
  m_GameObject: {fileID: 1940562033}
  m_LocalRotation: {x: 0, y: 0, z: 0, w: 1}
  m_LocalPosition: {x: 0, y: 0, z: 0}
  m_LocalScale: {x: 1, y: 1, z: 1}
  m_Children: []
  m_Father: {fileID: 0}
  m_RootOrder: 2
  m_LocalEulerAnglesHint: {x: 0, y: 0, z: 0}
--- !u!1 &1988082757
GameObject:
  m_ObjectHideFlags: 0
  m_PrefabParentObject: {fileID: 155834, guid: 12cf1107c922a4c419a8d26b692888b6, type: 2}
  m_PrefabInternal: {fileID: 174085685}
  serializedVersion: 5
  m_Component:
  - component: {fileID: 1988082759}
  - component: {fileID: 1988082758}
  m_Layer: 5
  m_Name: ProgressSlider
  m_TagString: Untagged
  m_Icon: {fileID: 0}
  m_NavMeshLayer: 0
  m_StaticEditorFlags: 0
  m_IsActive: 1
--- !u!114 &1988082758
MonoBehaviour:
  m_ObjectHideFlags: 0
  m_PrefabParentObject: {fileID: 11455824, guid: 12cf1107c922a4c419a8d26b692888b6,
    type: 2}
  m_PrefabInternal: {fileID: 174085685}
  m_GameObject: {fileID: 1988082757}
  m_Enabled: 1
  m_EditorHideFlags: 0
  m_Script: {fileID: -113659843, guid: f5f67c52d1564df4a8936ccd202a3bd8, type: 3}
  m_Name: 
  m_EditorClassIdentifier: 
  m_Navigation:
    m_Mode: 3
    m_SelectOnUp: {fileID: 0}
    m_SelectOnDown: {fileID: 0}
    m_SelectOnLeft: {fileID: 0}
    m_SelectOnRight: {fileID: 0}
  m_Transition: 1
  m_Colors:
    m_NormalColor: {r: 1, g: 1, b: 1, a: 1}
    m_HighlightedColor: {r: 0.9607843, g: 0.9607843, b: 0.9607843, a: 1}
    m_PressedColor: {r: 0.78431374, g: 0.78431374, b: 0.78431374, a: 1}
    m_DisabledColor: {r: 0.78431374, g: 0.78431374, b: 0.78431374, a: 0.5019608}
    m_ColorMultiplier: 1
    m_FadeDuration: 0.1
  m_SpriteState:
    m_HighlightedSprite: {fileID: 0}
    m_PressedSprite: {fileID: 0}
    m_DisabledSprite: {fileID: 0}
  m_AnimationTriggers:
    m_NormalTrigger: Normal
    m_HighlightedTrigger: Highlighted
    m_PressedTrigger: Pressed
    m_DisabledTrigger: Disabled
  m_Interactable: 1
  m_TargetGraphic: {fileID: 1434249537}
  m_FillRect: {fileID: 678223474}
  m_HandleRect: {fileID: 1434249536}
  m_Direction: 0
  m_MinValue: 0
  m_MaxValue: 1
  m_WholeNumbers: 0
  m_Value: 0.3
  m_OnValueChanged:
    m_PersistentCalls:
      m_Calls: []
    m_TypeName: UnityEngine.UI.Slider+SliderEvent, UnityEngine.UI, Version=1.0.0.0,
      Culture=neutral, PublicKeyToken=null
--- !u!224 &1988082759
RectTransform:
  m_ObjectHideFlags: 0
  m_PrefabParentObject: {fileID: 22455834, guid: 12cf1107c922a4c419a8d26b692888b6,
    type: 2}
  m_PrefabInternal: {fileID: 174085685}
  m_GameObject: {fileID: 1988082757}
  m_LocalRotation: {x: 0, y: 0, z: 0, w: 1}
  m_LocalPosition: {x: 0, y: 0, z: 0}
  m_LocalScale: {x: 1, y: 1, z: 1}
  m_Children:
  - {fileID: 280701116}
  - {fileID: 689093911}
  - {fileID: 455943038}
  m_Father: {fileID: 1613082458}
  m_RootOrder: 0
  m_LocalEulerAnglesHint: {x: 0, y: 0, z: 0}
  m_AnchorMin: {x: 0.5, y: 0.5}
  m_AnchorMax: {x: 0.5, y: 0.5}
  m_AnchoredPosition: {x: -1.4, y: -22.800037}
  m_SizeDelta: {x: 401, y: 45.6}
  m_Pivot: {x: 0.5, y: 0.5}
--- !u!1001 &2040106810
Prefab:
  m_ObjectHideFlags: 0
  serializedVersion: 2
  m_Modification:
    m_TransformParent: {fileID: 0}
    m_Modifications:
    - target: {fileID: 425246, guid: 6f815f1f2d6da864caa6a838143e7e34, type: 2}
      propertyPath: m_LocalPosition.x
      value: 0
      objectReference: {fileID: 0}
    - target: {fileID: 425246, guid: 6f815f1f2d6da864caa6a838143e7e34, type: 2}
      propertyPath: m_LocalPosition.y
      value: 0
      objectReference: {fileID: 0}
    - target: {fileID: 425246, guid: 6f815f1f2d6da864caa6a838143e7e34, type: 2}
      propertyPath: m_LocalPosition.z
      value: 0
      objectReference: {fileID: 0}
    - target: {fileID: 425246, guid: 6f815f1f2d6da864caa6a838143e7e34, type: 2}
      propertyPath: m_LocalRotation.x
      value: 0
      objectReference: {fileID: 0}
    - target: {fileID: 425246, guid: 6f815f1f2d6da864caa6a838143e7e34, type: 2}
      propertyPath: m_LocalRotation.y
      value: 0
      objectReference: {fileID: 0}
    - target: {fileID: 425246, guid: 6f815f1f2d6da864caa6a838143e7e34, type: 2}
      propertyPath: m_LocalRotation.z
      value: 0
      objectReference: {fileID: 0}
    - target: {fileID: 425246, guid: 6f815f1f2d6da864caa6a838143e7e34, type: 2}
      propertyPath: m_LocalRotation.w
      value: 1
      objectReference: {fileID: 0}
    - target: {fileID: 425246, guid: 6f815f1f2d6da864caa6a838143e7e34, type: 2}
      propertyPath: m_RootOrder
      value: 5
      objectReference: {fileID: 0}
    m_RemovedComponents: []
  m_ParentPrefab: {fileID: 100100000, guid: 6f815f1f2d6da864caa6a838143e7e34, type: 2}
  m_RootGameObject: {fileID: 788478620}
  m_IsPrefabParent: 0
--- !u!1 &2073524675
GameObject:
  m_ObjectHideFlags: 0
  m_PrefabParentObject: {fileID: 182392, guid: 12cf1107c922a4c419a8d26b692888b6, type: 2}
  m_PrefabInternal: {fileID: 174085685}
  serializedVersion: 5
  m_Component:
  - component: {fileID: 2073524678}
  - component: {fileID: 2073524677}
  - component: {fileID: 2073524676}
  m_Layer: 5
  m_Name: Grass
  m_TagString: Untagged
  m_Icon: {fileID: 0}
  m_NavMeshLayer: 0
  m_StaticEditorFlags: 0
  m_IsActive: 1
--- !u!114 &2073524676
MonoBehaviour:
  m_ObjectHideFlags: 0
  m_PrefabParentObject: {fileID: 11482392, guid: 12cf1107c922a4c419a8d26b692888b6,
    type: 2}
  m_PrefabInternal: {fileID: 174085685}
  m_GameObject: {fileID: 2073524675}
  m_Enabled: 1
  m_EditorHideFlags: 0
  m_Script: {fileID: -98529514, guid: f5f67c52d1564df4a8936ccd202a3bd8, type: 3}
  m_Name: 
  m_EditorClassIdentifier: 
  m_Material: {fileID: 0}
  m_Color: {r: 1, g: 1, b: 1, a: 1}
  m_RaycastTarget: 1
  m_OnCullStateChanged:
    m_PersistentCalls:
      m_Calls: []
    m_TypeName: UnityEngine.UI.MaskableGraphic+CullStateChangedEvent, UnityEngine.UI,
      Version=1.0.0.0, Culture=neutral, PublicKeyToken=null
  m_Texture: {fileID: 2800000, guid: 7bbaadbe1170447669c4f0f659e05f56, type: 3}
  m_UVRect:
    serializedVersion: 2
    x: 0
    y: 0.32
    width: 6
    height: 3.375
--- !u!222 &2073524677
CanvasRenderer:
  m_ObjectHideFlags: 0
  m_PrefabParentObject: {fileID: 22282392, guid: 12cf1107c922a4c419a8d26b692888b6,
    type: 2}
  m_PrefabInternal: {fileID: 174085685}
  m_GameObject: {fileID: 2073524675}
--- !u!224 &2073524678
RectTransform:
  m_ObjectHideFlags: 0
  m_PrefabParentObject: {fileID: 22482392, guid: 12cf1107c922a4c419a8d26b692888b6,
    type: 2}
  m_PrefabInternal: {fileID: 174085685}
  m_GameObject: {fileID: 2073524675}
  m_LocalRotation: {x: 0, y: 0, z: 0, w: 1}
  m_LocalPosition: {x: 0, y: 0, z: 0}
  m_LocalScale: {x: 1, y: 1, z: 1}
  m_Children: []
  m_Father: {fileID: 341767236}
  m_RootOrder: 0
  m_LocalEulerAnglesHint: {x: 0, y: 0, z: 0}
  m_AnchorMin: {x: 0.5, y: 0.5}
  m_AnchorMax: {x: 0.5, y: 0.5}
  m_AnchoredPosition: {x: 0, y: 0}
  m_SizeDelta: {x: 1600, y: 900}
  m_Pivot: {x: 0.5, y: 0.5}
--- !u!1 &2118257604
GameObject:
  m_ObjectHideFlags: 0
  m_PrefabParentObject: {fileID: 122988, guid: 12cf1107c922a4c419a8d26b692888b6, type: 2}
  m_PrefabInternal: {fileID: 174085685}
  serializedVersion: 5
  m_Component:
  - component: {fileID: 2118257605}
  - component: {fileID: 2118257607}
  - component: {fileID: 2118257606}
  m_Layer: 5
  m_Name: StarsImage
  m_TagString: Untagged
  m_Icon: {fileID: 0}
  m_NavMeshLayer: 0
  m_StaticEditorFlags: 0
  m_IsActive: 1
--- !u!224 &2118257605
RectTransform:
  m_ObjectHideFlags: 0
  m_PrefabParentObject: {fileID: 22422988, guid: 12cf1107c922a4c419a8d26b692888b6,
    type: 2}
  m_PrefabInternal: {fileID: 174085685}
  m_GameObject: {fileID: 2118257604}
  m_LocalRotation: {x: 0, y: 0, z: 0, w: 1}
  m_LocalPosition: {x: 0, y: 0, z: 0}
  m_LocalScale: {x: 1.5, y: 1.5, z: 1.5}
  m_Children: []
  m_Father: {fileID: 357743449}
  m_RootOrder: 0
  m_LocalEulerAnglesHint: {x: 0, y: 0, z: 0}
  m_AnchorMin: {x: 0, y: 0.5}
  m_AnchorMax: {x: 0, y: 0.5}
  m_AnchoredPosition: {x: 50.000015, y: 0.0000014305115}
  m_SizeDelta: {x: 100, y: 100}
  m_Pivot: {x: 0.5, y: 0.5}
--- !u!114 &2118257606
MonoBehaviour:
  m_ObjectHideFlags: 0
  m_PrefabParentObject: {fileID: 11422988, guid: 12cf1107c922a4c419a8d26b692888b6,
    type: 2}
  m_PrefabInternal: {fileID: 174085685}
  m_GameObject: {fileID: 2118257604}
  m_Enabled: 1
  m_EditorHideFlags: 0
  m_Script: {fileID: -765806418, guid: f5f67c52d1564df4a8936ccd202a3bd8, type: 3}
  m_Name: 
  m_EditorClassIdentifier: 
  m_Material: {fileID: 0}
  m_Color: {r: 1, g: 1, b: 1, a: 1}
  m_RaycastTarget: 1
  m_OnCullStateChanged:
    m_PersistentCalls:
      m_Calls: []
    m_TypeName: UnityEngine.UI.MaskableGraphic+CullStateChangedEvent, UnityEngine.UI,
      Version=1.0.0.0, Culture=neutral, PublicKeyToken=null
  m_Sprite: {fileID: 21300000, guid: e299c6038fbbb8146b51048b53e0893c, type: 3}
  m_Type: 0
  m_PreserveAspect: 1
  m_FillCenter: 1
  m_FillMethod: 4
  m_FillAmount: 1
  m_FillClockwise: 1
  m_FillOrigin: 0
--- !u!222 &2118257607
CanvasRenderer:
  m_ObjectHideFlags: 0
  m_PrefabParentObject: {fileID: 22222988, guid: 12cf1107c922a4c419a8d26b692888b6,
    type: 2}
  m_PrefabInternal: {fileID: 174085685}
  m_GameObject: {fileID: 2118257604}
